1771190681.6657665,68635.28,4.610
1771190686.2039247,68635.28,0.420
1771190686.3101363,68635.28,0.337
1771190686.6940024,68635.28,0.352
1771190686.8046963,68635.28,2.370
1771190686.9033787,68635.28,0.283
1771190688.9271502,68635.28,0.370
1771190689.0277367,68635.28,0.344
1771190689.8267176,68635.28,1.267
1771190689.931704,68635.28,3.610
1771190690.14407,68635.28,0.369
1771190690.2434983,68635.28,0.316
1771190690.6821432,68635.28,0.345
1771190691.3995836,68635.28,0.331
1771190691.5063994,68635.485,0.333
1771190692.5149274,68635.485,0.370
1771190692.706745,68635.485,0.355
1771190692.8130944,68635.485,0.323
1771190692.9257867,68635.485,3.233
1771190693.514893,68635.485,0.350
1771190693.6207182,68635.485,1.484
1771190697.3912396,68635.485,0.395
1771190697.4881911,68635.485,0.344
1771190701.104865,68635.485,0.413
1771190701.2052345,68635.485,0.394
1771190701.437779,68635.485,0.317
1771190701.538319,68635.485,0.321
1771190702.4739456,68635.485,0.376
1771190702.5812733,68635.485,0.300
1771190708.0694282,68635.485,0.327
1771190708.1735728,68635.485,0.327
1771190708.59366,68635.485,0.335
1771190708.6962504,68635.485,0.293
1771190708.9368002,68635.485,2.531
1771190709.035873,68635.485,0.264
1771190709.6600494,68635.485,0.307
1771190709.7701936,68635.485,0.293
1771190713.9021828,68635.485,0.334
1771190714.0065854,68635.485,0.315
1771190726.0531025,68635.485,0.305
1771190726.1560102,68635.485,0.323
1771190726.4344025,68635.485,0.297
1771190726.5417962,68635.485,3.677
1771190733.7754908,68635.485,0.307
1771190734.759607,68635.485,0.337
1771190734.865849,68635.485,0.279
1771190742.846952,68635.485,0.326
1771190742.9474401,68635.485,0.312
1771190747.6737108,68635.485,1.874
1771190747.7747684,68635.485,0.304
1771190750.384295,68635.485,0.319
1771190750.5707884,68635.485,2.953
1771190750.6720176,68635.485,0.265
1771190754.98631,68635.28,0.308
1771190755.0958214,68635.28,3.100
1771190756.5181725,68635.28,0.320
1771190756.6235764,68635.485,0.275
1771190756.7240841,68635.485,0.259
1771190757.516935,68635.485,2.749
1771190757.6203294,68635.485,0.253
1771190759.514748,68635.485,0.336
1771190759.6191027,68635.485,0.263
1771190759.901785,68635.485,0.346
1771190760.0020645,68635.485,0.281
1771190760.104814,68635.485,3.152
1771190760.201875,68635.485,0.278
1771190760.3031106,68636.10500000001,0.278
1771190760.314792,68636.11,0.038
1771190760.3148215,68643.38,0.021
1771190760.4024658,68639.74,0.258
1771190760.5038853,68638.91500000001,0.291
1771190760.6089406,68638.91500000001,0.248
1771190760.708909,68638.91500000001,0.294
1771190760.8096998,68638.91500000001,0.339
1771190760.9161127,68638.91500000001,0.299
1771190761.0149019,68643.375,0.418
1771190761.1172523,68643.375,0.384
1771190761.2179065,68643.375,0.323
1771190761.3195105,68638.91500000001,0.389
1771190761.4257138,68638.91500000001,2.755
1771190761.5251164,68641.59,0.307
1771190761.752139,68641.59,0.325
1771190761.8567805,68638.91500000001,0.914
1771190761.9587085,68638.91500000001,3.119
1771190762.0622845,68639.725,0.287
1771190762.3029473,68638.91500000001,0.330
1771190762.4043708,68638.91500000001,0.323
1771190762.5048528,68638.91500000001,0.305
1771190762.6087008,68638.91500000001,1.824
1771190762.7087693,68638.91500000001,1.449
1771190762.808243,68638.91500000001,0.288
1771190762.908851,68638.91500000001,0.267
1771190763.1407034,68638.91500000001,0.315
1771190763.2432952,68638.91500000001,0.273
1771190765.5597022,68638.91500000001,0.382
1771190765.6635685,68638.91500000001,0.298
1771190770.5566528,68638.91500000001,0.334
1771190770.657468,68638.86499999999,0.266
1771190770.767765,68638.86499999999,1.473
1771190770.8667426,68638.91500000001,0.257
1771190770.9682963,68638.91500000001,0.245
1771190771.0718243,68638.88,0.284
1771190771.1715145,68638.88,0.270
1771190771.2737007,68638.88,0.289
1771190771.379747,68635.72,2.156
1771190771.4778535,68635.72,0.303
1771190771.9073687,68635.72,0.305
1771190772.0237963,68635.72,2.742
1771190772.1318262,68634.745,3.515
1771190772.3321984,68634.745,0.354
1771190772.4324768,68634.745,0.307
1771190772.5388873,68634.745,0.304
1771190772.8847446,68634.745,0.359
1771190772.9857275,68634.455,0.343
1771190775.0087056,68634.455,0.338
1771190775.1084623,68634.455,0.257
1771190775.539326,68634.455,0.298
1771190775.5478036,68634.45,0.038
1771190775.5478337,68634.45,0.022
1771190775.6437805,68612.67499999999,1.451
1771190775.7469978,68612.67499999999,0.257
1771190775.851066,68612.67499999999,0.269
1771190775.958044,68599.845,0.256
1771190776.1837926,68599.845,3.562
1771190777.5145648,68599.19,0.364
1771190777.6151984,68603.985,0.272
1771190777.8671262,68604.64,0.331
1771190778.4395974,68604.64,0.337
1771190778.543509,68604.64,0.306
1771190779.3121798,68604.035,0.320
1771190779.4125693,68599.23999999999,0.308
1771190779.5136118,68604.235,0.288
1771190779.6137984,68604.235,0.224
1771190779.7217577,68608.57,3.437
1771190779.999822,68608.57,1.421
1771190780.1013088,68608.57,0.308
1771190780.2018635,68608.57,0.281
1771190780.3048062,68608.57,2.638
1771190780.7072954,68614.76,0.298
1771190780.8117735,68607.91,1.857
1771190780.9107924,68608.57,1.586
1771190781.0924554,68608.57,0.294
1771190781.1920269,68604.73000000001,0.279
1771190781.2932017,68604.73000000001,0.260
1771190781.3942332,68602.44,0.250
1771190781.518316,68602.44,0.250
1771190781.617995,68602.44,0.238
1771190782.0621326,68602.44,0.312
1771190782.1603572,68606.45000000001,0.273
1771190782.2638092,68609.125,3.633
1771190782.3672462,68609.125,0.262
1771190783.012144,68609.125,0.305
1771190783.1173804,68609.125,4.434
1771190783.2196949,68609.125,0.316
1771190783.7250113,68609.13,0.334
1771190783.8331888,68609.13,0.332
1771190784.7108085,68615.45999999999,2.884
1771190784.8102944,68609.13,0.279
1771190785.7756963,68615.45999999999,0.327
1771190785.877332,68609.13,0.308
1771190786.5240612,68609.13,0.321
1771190786.6310956,68609.13,0.234
1771190787.3414292,68609.13,0.308
1771190787.4432046,68609.13,0.300
1771190787.550789,68626.285,3.170
1771190799.994763,68626.285,0.472
1771190800.09688,68609.775,2.369
1771190800.4256809,68609.775,0.340
1771190800.526452,68609.78,0.322
1771190801.3043413,68626.92,0.311
1771190801.4043145,68606.685,0.281
1771190801.5057998,68609.78,1.627
1771190801.6060247,68608.37,0.268
1771190801.705688,68606.275,1.762
1771190801.8067589,68606.275,1.839
1771190802.5171676,68612.41500000001,0.323
1771190802.6177976,68609.035,2.480
1771190803.243841,68602.895,3.429
1771190803.3402944,68611.73000000001,0.337
1771190805.986092,68611.73000000001,0.309
1771190806.08646,68605.945,0.300
1771190806.1887786,68605.945,2.919
1771190807.0798333,68605.945,3.759
1771190807.3906505,68612.15,0.324
1771190807.4979892,68611.745,0.296
1771190809.4133127,68614.95999999999,0.310
1771190809.5205765,68606.17499999999,0.308
1771190809.6821885,68606.17499999999,0.298
1771190809.7843974,68606.17499999999,0.265
1771190811.8791203,68610.16,0.313
1771190811.9799032,68600.525,0.294
1771190812.0953622,68600.525,0.310
1771190812.1975808,68600.525,0.281
1771190812.4780524,68600.525,0.315
1771190812.5798378,68600.525,0.325
1771190812.9727068,68604.95999999999,0.320
1771190813.0705602,68597.9,0.300
1771190813.1737905,68597.9,3.056
1771190813.2911456,68597.9,0.274
1771190813.3915868,68597.9,0.271
1771190813.4962902,68592.13500000001,0.257
1771190813.6058276,68592.77,4.032
1771190814.5151396,68589.37,0.323
1771190816.355727,68589.37,0.364
1771190816.7753394,68589.37,0.306
1771190816.8780918,68589.37,0.299
1771190817.567171,68589.37,0.324
1771190820.780249,68592.77,0.296
1771190820.8814418,68592.765,0.278
1771190820.982919,68592.765,0.287
1771190821.3225667,68590.525,0.292
1771190821.4220746,68592.765,0.260
1771190821.524588,68589.18,0.288
1771190821.6293538,68589.18,0.267
1771190822.177367,68589.18,0.319
1771190822.2849941,68584.515,0.297
1771190822.6413436,68584.515,0.308
1771190822.7416034,68584.515,0.286
1771190822.8447783,68584.515,2.349
1771190823.654278,68584.515,0.315
1771190823.760311,68584.515,0.279
1771190824.276585,68584.515,0.302
1771190824.3798196,68584.515,3.956
1771190824.8397112,68584.515,0.319
1771190825.7068336,68584.515,1.360
1771190825.8059342,68584.515,0.301
1771190827.7265487,68584.515,0.361
1771190829.590017,68584.515,0.340
1771190829.6914284,68584.515,0.293
1771190830.1453485,68584.515,0.312
1771190830.252762,68584.515,1.147
1771190831.773058,68584.515,0.343
1771190831.8770695,68584.515,0.326
1771190836.5895422,68584.515,0.321
1771190836.6899195,68584.515,0.310
1771190837.7696981,68584.515,0.353
1771190837.8766,68584.515,0.297
1771190842.2458313,68584.515,2.908
1771190842.351325,68584.51000000001,0.279
1771190848.1103046,68584.51000000001,0.306
1771190848.2188308,68584.33499999999,1.828
1771190848.5623221,68584.33499999999,0.305
1771190848.6680446,68584.33499999999,0.283
1771190855.584817,68584.33499999999,2.771
1771190855.6832373,68584.51000000001,0.280
1771190855.921806,68584.51000000001,1.802
1771190856.020867,68584.51000000001,0.271
1771190856.280431,68584.51000000001,0.316
1771190856.489132,68584.51000000001,0.322
1771190856.5967884,68584.51000000001,3.709
1771190856.6937096,68584.51000000001,0.290
1771190857.5144665,68584.51000000001,0.326
1771190857.6162384,68584.51000000001,0.291
1771190862.4471207,68584.51000000001,0.324
1771190862.5536985,68584.51000000001,0.305
1771190864.971167,68584.51000000001,0.301
1771190865.0797803,68584.33499999999,3.611
1771190869.7016196,68584.33499999999,0.355
1771190869.8107965,68584.33499999999,3.191
1771190886.1629767,68584.33499999999,0.325
1771190886.2701304,68584.51000000001,0.326
1771190894.3288338,68584.51000000001,2.512
1771190894.4307733,68584.33499999999,2.137
1771190896.3511071,68584.33499999999,0.328
1771190896.451762,68584.33499999999,0.300
1771190900.1548126,68584.33499999999,2.133
1771190900.255813,68584.33499999999,3.238
1771190900.3552027,68584.33499999999,0.311
1771190900.7641857,68584.33499999999,0.302
1771190900.8644657,68584.33499999999,0.289
1771190901.5152056,68584.33499999999,0.287
1771190901.673183,68584.87,0.049
1771190901.6742074,68584.33499999999,0.272
1771190904.276984,68584.33499999999,0.337
1771190905.588346,68584.33499999999,0.296
1771190905.6930335,68584.33499999999,0.317
1771190906.3014026,68584.33499999999,0.315
1771190906.4013448,68584.33499999999,0.308
1771190908.5618505,68584.33499999999,0.475
1771190908.6617107,68584.33499999999,0.379
1771190908.7640412,68584.33499999999,0.467
1771190911.689274,68584.33499999999,0.305
1771190911.7902522,68584.33499999999,0.288
1771190913.6228411,68584.33499999999,1.903
1771190913.7255569,68584.33499999999,0.311
1771190924.5821726,68584.33499999999,0.298
1771190924.684795,68584.51000000001,2.168
1771190924.787033,68584.51000000001,0.274
1771190924.885883,68584.51000000001,0.297
1771190925.162133,68584.51000000001,0.316
1771190925.2869213,68584.51000000001,0.370
1771190925.3882601,68584.51000000001,0.321
1771190925.5338316,68584.51000000001,0.322
1771190925.6393683,68584.51000000001,0.304
1771190926.5188236,68584.51000000001,3.409
1771190927.1190972,68584.51000000001,0.319
1771190927.2199082,68593.005,0.292
1771190927.324766,68593.005,2.680
1771190927.448934,68593.005,0.290
1771190927.5942872,68584.15,0.049
1771190927.5947578,68593.005,0.285
1771190928.3762565,68593.005,0.319
1771190928.4770713,68593.005,0.297
1771190929.2429,68593.005,1.966
1771190929.3431,68595.795,0.320
1771190929.8548439,68595.795,3.898
1771190929.9600835,68595.795,0.324
1771190930.485492,68595.795,0.320
1771190931.141841,68595.795,2.198
1771190931.271717,68595.795,0.369
1771190931.3723261,68595.795,0.295
1771190931.6999288,68595.795,0.292
1771190931.80025,68595.795,0.292
1771190932.176812,68595.795,0.345
1771190935.088964,68595.795,0.323
1771190935.1896906,68595.795,0.321
1771190935.5625687,68595.795,0.292
1771190936.1871123,68595.795,0.312
1771190937.258906,68595.795,4.146
1771190940.6422303,68595.795,0.410
1771190941.7258148,68592.83,2.849
1771190941.8328052,68592.83,1.464
1771190942.9335544,68592.83,0.363
1771190943.0408926,68592.83,0.306
1771190943.5181515,68598.23999999999,0.314
1771190943.8017604,68598.23999999999,0.378
1771190943.9047222,68598.23999999999,1.240
1771190944.006427,68598.03,0.311
1771190944.1082726,68598.03,0.306
1771190945.5151124,68606.07,0.333
1771190945.6207702,68606.07,2.071
1771190945.9308178,68606.07,2.101
1771190946.0297492,68606.07,0.299
1771190946.4551458,68606.07,0.321
1771190946.5579884,68606.07,0.254
1771190947.741947,68606.07,0.317
1771190947.8461065,68606.07,0.298
1771190947.9530306,68606.07,0.283
1771190948.0595622,68606.07,6.359
1771190949.284471,68598.03,0.329
1771190949.384352,68608.715,0.311
1771190949.611777,68608.715,0.303
1771190949.7114058,68598.03,0.304
1771190950.6877344,68598.03,0.361
1771190951.5157177,68598.03,1.552
1771190951.6177056,68598.03,1.699
1771190952.5445888,68608.965,0.478
1771190952.6441133,68598.03,0.412
1771190952.7492979,68598.03,0.440
1771190953.0217106,68598.03,0.376
1771190953.12625,68598.03,0.382
1771190953.4751685,68598.03,0.426
1771190953.577589,68598.03,0.323
1771190953.751268,68597.775,0.352
1771190953.8513277,68604.20499999999,0.319
1771190954.58928,68604.20499999999,0.290
1771190954.691209,68606.89499999999,0.292
1771190954.8018003,68598.03,1.548
1771190954.9012012,68598.03,0.269
1771190955.2838817,68606.925,4.193
1771190955.3858037,68606.92,0.332
1771190955.7673168,68606.92,0.328
1771190955.8760974,68605.645,0.339
1771190955.9851787,68605.645,0.318
1771190956.6058958,68605.645,0.466
1771190956.7098718,68605.645,0.330
1771190957.099044,68611.10500000001,0.279
1771190957.2077699,68605.645,0.343
1771190957.8433528,68583.975,0.301
1771190957.9456747,68584.015,0.324
1771190959.2018273,68584.015,0.371
1771190959.3100162,68584.015,0.298
1771190959.9960601,68584.015,0.303
1771190960.1023288,68584.015,0.257
1771190960.8577206,68584.015,1.421
1771190961.3651657,68584.015,0.303
1771190961.4665759,68584.015,0.309
1771190964.7224522,68584.15,0.053
1771190964.723153,68627.49,0.036
1771190964.7268329,68605.685,3.671
1771190964.824765,68619.85,0.310
1771190964.9269779,68612.92,0.311
1771190965.0314384,68612.92,0.321
1771190965.91445,68622.325,0.298
1771190966.018757,68622.325,2.021
1771190966.1147213,68622.325,0.296
1771190966.2247949,68612.92,1.767
1771190966.278767,68595.8,0.042
1771190966.279467,68583.8,0.030
1771190966.3234184,68606.92,0.278
1771190966.429793,68606.92,2.887
1771190967.1846106,68606.92499999999,0.303
1771190967.2853532,68606.92499999999,0.307
1771190967.5418603,68606.92499999999,0.311
1771190967.641404,68606.92499999999,0.275
1771190968.5191312,68621.1,0.313
1771190968.6221864,68621.1,0.254
1771190970.9575536,68612.16,0.069
1771190970.9580078,68621.1,0.313
1771190971.0533626,68612.92,0.286
1771190971.5148494,68612.92,2.079
1771190971.621141,68623.535,0.298
1771190974.190085,68612.92,0.290
1771190974.2917416,68626.185,0.332
1771190974.3932412,68626.185,0.299
1771190976.1107626,68626.185,0.371
1771190976.214418,68626.185,0.285
1771190978.7538352,68626.185,0.369
1771190978.8564858,68626.185,0.295
1771190979.0080817,68626.185,0.298
1771190979.117179,68626.185,0.346
1771190979.2252505,68619.58499999999,0.284
1771190979.3267045,68619.58499999999,0.290
1771190979.5048041,68619.58499999999,3.111
1771190979.6027262,68619.58499999999,0.321
1771190979.7042506,68619.58499999999,0.262
1771190980.5154245,68635.11499999999,0.305
1771190980.620807,68635.11499999999,1.982
1771190981.1929307,68635.11499999999,0.295
1771190981.342992,68635.11499999999,0.329
1771190981.4470758,68635.11499999999,0.295
1771190981.5476916,68635.11499999999,0.298
1771190981.70898,68627.235,0.259
1771190981.8170419,68617.785,0.277
1771190982.0517995,68617.785,1.533
1771190982.1557937,68617.79000000001,1.581
1771190983.5180092,68636.66,1.942
1771190983.6182756,68636.66,0.290
1771190985.3735604,68636.66,0.311
1771190985.480723,68636.66,1.330
1771190985.5806582,68636.66,0.302
1771190986.0015175,68636.66,0.323
1771190986.1025689,68636.66,0.308
1771190986.2767825,68636.66,2.384
1771190987.6679065,68627.985,0.302
1771190987.768952,68639.31,0.286
1771190988.0848184,68639.31,4.043
1771190988.183357,68619.715,0.254
1771190988.2918072,68619.715,2.368
1771190988.7810528,68619.715,0.304
1771190988.8853302,68640.875,0.298
1771190988.985992,68640.875,0.298
1771190989.0879147,68640.875,0.308
1771190989.1918085,68640.88,2.821
1771190989.7587461,68640.88,0.318
1771190989.8620186,68640.88,0.271
1771190990.1292765,68640.88,0.321
1771190990.2347884,68640.88,3.935
1771190990.337144,68638.16,0.278
1771190990.5122492,68638.16,0.296
1771190990.612451,68638.16,0.302
1771190990.9021232,68638.16,0.301
1771190991.0037596,68638.16,2.801
1771190991.101517,68638.16,0.299
1771190991.3628118,68638.16,1.297
1771190991.467378,68638.16,0.298
1771190991.5686476,68638.16,0.305
1771190991.6707616,68638.16,2.984
1771190992.0620897,68638.16,0.300
1771190992.1625366,68638.16,0.281
1771190992.4088316,68638.16,3.103
1771190992.5073001,68638.16,0.287
1771190992.8727205,68624.74,0.319
1771190992.9740949,68635.52,0.310
1771190994.9571328,68635.52,0.311
1771190999.040836,68624.74,1.707
1771190999.139813,68624.74,0.360
1771190999.2413263,68624.74,0.264
1771190999.3447115,68625.595,0.316
1771190999.45978,68632.54000000001,3.675
1771190999.5568433,68632.54000000001,0.260
1771190999.8728082,68632.54000000001,1.404
1771190999.9728093,68643.375,0.310
1771191000.079777,68643.375,3.963
1771191000.1795127,68643.375,0.254
1771191000.483124,68643.375,0.321
1771191000.596064,68643.375,0.291
1771191000.7975924,68643.375,0.305
1771191000.898106,68643.375,0.297
1771191000.9972808,68643.375,0.267
1771191001.0986438,68640.69,0.315
1771191001.198191,68640.69,0.242
1771191001.2999322,68640.69,0.285
1771191001.4014297,68640.69,0.264
1771191001.501653,68625.34,0.286
1771191001.602862,68643.375,0.296
1771191001.712203,68643.375,0.254
1771191001.9000535,68643.375,0.295
1771191002.0038671,68643.375,0.302
1771191002.1041296,68643.375,0.303
1771191003.2474818,68643.375,0.283
1771191003.349078,68643.375,0.300
1771191005.7481637,68643.375,0.325
1771191005.855099,68643.375,0.319
1771191006.9177105,68643.375,2.696
1771191007.0183852,68643.375,0.277
1771191008.1209993,68643.375,0.332
1771191008.223243,68643.375,0.264
1771191008.281745,68643.37,0.045
1771191008.3247874,68643.375,1.758
1771191008.6308296,68643.375,4.000
1771191008.6308665,68643.37,0.026
1771191008.7330782,68626.74,0.274
1771191009.5007408,68626.745,0.331
1771191009.6009831,68643.375,0.297
1771191009.7873094,68643.375,0.280
1771191009.8886487,68643.375,0.288
1771191011.4721065,68643.375,0.315
1771191011.5810869,68643.375,0.296
1771191013.2404702,68643.375,0.273
1771191013.3441036,68643.375,0.307
1771191014.7463598,68643.375,0.295
1771191014.8532252,68643.375,0.280
1771191014.9607337,68643.375,0.300
1771191016.4418967,68643.375,0.513
1771191016.5439277,68643.375,2.547
1771191017.0693462,68643.375,0.342
1771191017.1713295,68643.375,0.349
1771191022.614791,68643.375,5.109
1771191022.711705,68643.375,0.324
1771191022.7804036,68643.37,0.048
1771191022.8168,68643.375,0.292
1771191023.0485058,68643.375,0.304
1771191023.1491706,68643.375,0.290
1771191023.2537277,68643.375,0.281
1771191026.066822,68643.375,2.651
1771191026.2898102,68643.375,3.886
1771191026.3905137,68643.375,0.308
1771191030.4903848,68643.375,0.320
1771191030.5907698,68643.375,0.308
1771191030.8531082,68643.375,0.295
1771191030.9590638,68643.375,0.290
1771191031.030775,68643.38,0.044
1771191031.0316558,68643.38,0.032
1771191031.0316837,68643.38,0.021
1771191031.0607798,68647.225,2.588
1771191031.160321,68647.225,0.291
1771191031.261794,68647.225,0.289
1771191031.9340444,68647.225,0.310
1771191032.0343685,68651.065,0.285
1771191032.3478293,68651.065,2.494
1771191032.448098,68651.065,0.307
1771191033.3705602,68651.065,0.330
1771191035.747748,68651.065,3.123
1771191035.8452017,68651.065,0.312
1771191035.952923,68651.065,0.315
1771191036.2929697,68651.065,0.288
1771191041.7399378,68651.065,0.318
1771191041.840708,68651.065,0.299
1771191042.717811,68651.065,1.813
1771191042.8229146,68651.065,0.280
1771191043.122059,68651.065,0.313
1771191044.5150576,68651.065,0.311
1771191045.2962234,68651.065,0.302
1771191045.4008927,68651.065,3.177
1771191045.5984755,68651.065,0.344
1771191045.7730207,68651.07,0.054
1771191045.7768576,68655.58,0.314
1771191045.876705,68655.58,0.295
1771191046.2772505,68655.58,0.312
1771191046.376774,68660.08499999999,0.358
1771191046.4808245,68660.08499999999,3.729
1771191046.677809,68660.08499999999,0.315
1771191047.4577625,68660.08499999999,0.330
1771191047.557798,68660.08499999999,0.302
1771191048.0161629,68660.08499999999,0.466
1771191050.742815,68660.08499999999,3.621
1771191050.8464975,68660.08499999999,2.598
1771191055.9210036,68660.08499999999,0.315
1771191056.021234,68660.08499999999,0.289
1771191057.5167706,68660.08499999999,0.353
1771191060.224422,68660.08499999999,0.349
1771191060.3298433,68660.08499999999,5.010
1771191062.8098536,68660.08499999999,0.349
1771191062.9098752,68660.08499999999,0.260
1771191063.0105977,68660.08499999999,0.272
1771191064.0275826,68660.08499999999,0.304
1771191064.5161567,68660.08499999999,0.321
1771191065.3698885,68660.09,0.051
1771191065.3702717,68660.08499999999,0.372
1771191066.3589687,68660.08499999999,0.354
1771191066.463722,68660.08499999999,1.291
1771191066.5647383,68660.08499999999,1.566
1771191068.718456,68660.08499999999,0.384
1771191068.8207154,68660.08499999999,2.413
1771191068.9043279,68660.09,0.045
1771191068.9060898,68669.11,0.034
1771191068.921699,68669.10500000001,3.097
1771191068.943964,68669.11,0.035
1771191068.944031,68677.4,0.025
1771191069.0216973,68668.73999999999,3.257
1771191069.1195,68674.975,0.324
1771191069.2199576,68677.39499999999,0.327
1771191069.5990791,68677.39499999999,0.372
1771191069.7008026,68677.39499999999,0.519
1771191069.9811835,68677.39499999999,0.338
1771191070.114834,68677.39499999999,1.820
1771191070.2157154,68677.39499999999,2.144
1771191070.3139758,68677.39499999999,0.287
1771191070.3390627,68677.4,0.036
1771191070.387692,68677.4,0.042
1771191070.4170756,68687.14499999999,0.246
1771191070.5195785,68687.14499999999,0.288
1771191070.8311706,68687.14499999999,0.312
1771191070.9394636,68687.14499999999,0.267
1771191071.5154994,68687.14499999999,0.323
1771191071.8234076,68687.14499999999,0.342
1771191071.9270859,68687.14499999999,0.313
1771191072.4368546,68687.14499999999,0.308
1771191072.97742,68687.14499999999,0.281
1771191073.0864608,68687.14499999999,0.284
1771191074.1998556,68687.14499999999,0.338
1771191074.5153143,68687.14499999999,0.290
1771191075.2339993,68687.14499999999,0.327
1771191075.3354247,68687.14499999999,0.273
1771191075.436137,68687.14499999999,0.269
1771191075.537005,68687.14499999999,0.281
1771191075.639015,68687.14499999999,0.272
1771191076.4195466,68687.14499999999,0.309
1771191076.5266726,68687.14499999999,0.297
1771191079.075819,68687.14499999999,3.318
1771191079.1728969,68687.14499999999,0.296
1771191083.1304555,68687.14499999999,0.307
1771191084.0644455,68687.14499999999,0.298
1771191084.166832,68687.14499999999,2.401
1771191084.8128269,68687.14499999999,2.380
1771191084.915336,68687.14499999999,0.379
1771191085.3205929,68687.14499999999,0.340
1771191085.4230244,68687.14499999999,0.279
1771191088.108628,68687.14499999999,0.333
1771191088.2093372,68687.14499999999,0.307
1771191088.462144,68687.14499999999,0.284
1771191088.5662951,68687.14499999999,0.294
1771191088.672385,68687.14499999999,0.286
1771191090.443287,68687.14499999999,0.290
1771191090.5436342,68687.14499999999,0.313
1771191091.0906832,68687.14499999999,0.351
1771191091.1918855,68687.14499999999,0.314
1771191091.2937949,68687.14499999999,1.542
1771191091.4421287,68687.14499999999,0.250
1771191092.106563,68687.14499999999,0.333
1771191092.2071517,68687.14499999999,0.264
1771191092.3087327,68687.14499999999,0.265
1771191093.294975,68687.14499999999,0.314
1771191093.397826,68687.14499999999,0.315
1771191093.5022461,68687.14499999999,0.262
1771191093.6029637,68687.14499999999,0.305
1771191094.9151354,68687.14499999999,0.310
1771191095.0128334,68687.14499999999,0.274
1771191095.2555635,68687.14499999999,0.337
1771191095.359802,68687.14499999999,3.638
1771191097.1494377,68687.14499999999,0.313
1771191097.249836,68687.14499999999,0.287
1771191097.3522077,68687.14499999999,0.266
1771191098.1137702,68687.14499999999,0.342
1771191098.2257915,68687.14499999999,2.685
1771191099.1151092,68687.14499999999,0.314
1771191099.1568894,68687.15,0.043
1771191099.1572506,68696.17,0.031
1771191099.2158587,68696.16500000001,0.280
1771191099.3191166,68696.16500000001,0.262
1771191099.4270024,68696.16500000001,0.244
1771191099.7140164,68696.17,0.047
1771191099.7147431,68696.16500000001,0.288
1771191099.7677667,68696.17,0.037
1771191099.8198888,68705.185,0.268
1771191099.8797941,68705.19,0.036
1771191099.9206328,68705.185,0.285
1771191101.5164008,68714.205,0.297
1771191101.564332,68714.21,0.049
1771191101.6172328,68723.23000000001,0.296
1771191101.7853358,68723.23000000001,0.296
1771191101.889799,68723.23000000001,3.885
1771191101.9888144,68723.23000000001,0.268
1771191102.1197824,68723.23000000001,1.932
1771191102.2180734,68723.23000000001,0.288
1771191102.3187597,68715.725,0.387
1771191102.4207103,68715.26999999999,1.164
1771191103.404462,68719.515,0.311
1771191103.506082,68715.26999999999,0.283
1771191103.6049135,68715.26999999999,0.282
1771191103.7056043,68715.26999999999,0.273
1771191103.8120515,68724.905,0.293
1771191104.2081273,68724.91,0.309
1771191105.2023196,68724.91,0.323
1771191105.313805,68724.91,2.963
1771191105.5163083,68724.91,0.305
1771191105.6195676,68731.47,0.299
1771191105.7361612,68731.47,0.295
1771191105.8378582,68731.47,0.300
1771191107.2954016,68731.47,0.344
1771191107.4001467,68731.47,0.280
1771191108.7090824,68731.47,0.331
1771191108.809126,68731.47,0.303
1771191109.882258,68731.47,0.332
1771191109.984833,68731.47,0.247
1771191110.2431552,68731.47,0.339
1771191110.3508863,68731.47,0.327
1771191110.7698386,68731.47,0.338
1771191110.8693745,68731.47,0.287
1771191114.0470047,68731.47,0.319
1771191114.1503654,68731.47,0.303
1771191116.478269,68731.47,0.317
1771191116.5821567,68731.47,0.263
1771191116.8614867,68731.47,0.316
1771191116.9631596,68731.47,0.258
1771191118.8204827,68731.47,0.337
1771191118.9211674,68731.47,0.302
1771191119.0218782,68731.47,0.308
1771191119.1260512,68731.47,0.310
1771191119.5185854,68731.47,0.298
1771191119.6226418,68732.155,0.310
1771191119.8741975,68732.155,0.301
1771191119.9749432,68732.245,0.232
1771191120.0780623,68732.245,0.323
1771191121.2287173,68732.245,0.343
1771191121.324819,68732.25,0.037
1771191121.324969,68741.27,0.024
1771191121.3318636,68736.755,0.270
1771191121.4318006,68736.755,0.263
1771191122.5146034,68741.265,0.291
1771191122.7250817,68741.265,0.324
1771191122.831213,68741.265,0.290
1771191125.0970297,68741.265,0.329
1771191125.2006876,68741.265,0.316
1771191129.5816603,68741.265,0.370
1771191129.683976,68741.265,0.293
1771191129.7107663,68741.27,0.030
1771191129.784708,68748.365,0.289
1771191130.5575528,68748.365,0.365
1771191131.2419913,68748.365,0.330
1771191131.3432386,68748.365,0.275
1771191131.5161977,68748.365,0.251
1771191131.6208973,68755.455,0.255
1771191132.1748533,68755.455,0.366
1771191132.2742162,68755.455,0.285
1771191134.724604,68755.455,0.356
1771191134.8256884,68755.455,0.292
1771191135.2864788,68755.455,0.348
1771191135.3870435,68755.455,0.269
1771191137.325086,68755.455,0.342
1771191137.4279773,68755.455,0.295
1771191139.206274,68755.455,0.331
1771191139.3066583,68755.455,0.329
1771191139.4286742,68755.455,0.329
1771191139.7518675,68755.455,0.351
1771191139.958417,68755.455,0.314
1771191140.8927152,68755.455,0.378
1771191141.472162,68755.455,0.343
1771191141.5728807,68755.455,0.300
1771191141.6743028,68755.455,0.277
1771191141.7755961,68755.455,0.346
1771191141.9387996,68755.455,0.343
1771191142.040073,68755.455,0.261
1771191142.1413195,68755.455,0.313
1771191142.2695436,68755.455,0.339
1771191142.368976,68755.455,0.284
1771191142.4687884,68755.455,0.314
1771191142.70627,68755.46,0.044
1771191142.707028,68757.38500000001,0.321
1771191142.8110244,68757.86499999999,0.308
1771191142.9114435,68757.86499999999,0.300
1771191143.015917,68757.86499999999,0.324
1771191143.1180859,68757.86499999999,0.335
1771191144.5164728,68757.86499999999,0.345
1771191145.3693454,68757.86499999999,0.350
1771191145.4744418,68757.86499999999,0.308
1771191145.5760696,68757.86499999999,0.260
1771191147.1869879,68757.86499999999,0.340
1771191147.287904,68757.86499999999,0.329
1771191147.3885767,68757.86499999999,0.300
1771191147.4896781,68757.86499999999,0.344
1771191147.4925196,68759.31,0.029
1771191147.4925585,68762.54,0.018
1771191147.598794,68762.535,0.332
1771191148.098314,68762.535,0.345
1771191148.2022328,68762.535,0.317
1771191148.3031802,68762.535,0.342
1771191148.3965144,68762.54,0.039
1771191148.403639,68768.32500000001,0.306
1771191148.507432,68768.32500000001,0.290
1771191148.519744,68768.33,0.037
1771191148.6075044,68772.835,0.295
1771191148.7125692,68772.835,0.327
1771191148.8173332,68772.835,0.294
1771191149.0158212,68772.835,0.342
1771191149.1180797,68777.345,0.310
1771191149.768229,68777.345,0.320
1771191149.8716552,68777.345,0.317
1771191150.923486,68777.345,0.336
1771191151.0254579,68777.345,0.283
1771191151.1392832,68777.345,0.305
1771191152.3320618,68777.345,0.324
1771191152.432138,68777.345,0.313
1771191153.0585096,68777.345,0.285
1771191153.158146,68777.345,0.323
1771191153.567661,68777.345,0.288
1771191153.8007226,68777.345,0.325
1771191153.901471,68777.345,0.286
1771191154.004514,68777.345,0.286
1771191154.338496,68777.345,0.332
1771191154.442001,68777.345,0.310
1771191154.5433927,68777.345,1.067
1771191154.64236,68777.345,0.252
1771191154.7424664,68777.345,0.258
1771191155.3993473,68777.345,0.309
1771191155.5024107,68777.345,0.280
1771191155.9161713,68777.345,0.312
1771191156.8505394,68777.345,0.348
1771191156.9516728,68777.345,0.317
1771191157.0535655,68777.345,0.238
1771191157.1582654,68777.345,0.312
1771191157.8363507,68777.345,0.313
1771191157.9418848,68777.345,0.321
1771191158.2193139,68777.345,0.327
1771191158.320601,68763.08,0.320
1771191158.4207714,68763.08,0.311
1771191158.5265393,68763.08,0.306
1771191158.627111,68759.455,0.303
1771191158.7295406,68759.46,0.300
1771191158.8369834,68759.46,0.293
1771191158.9397094,68759.46,0.324
1771191159.0397832,68759.455,0.292
1771191159.5416677,68763.925,0.350
1771191159.6447308,68758.175,0.303
1771191159.7456164,68758.175,0.305
1771191159.8618934,68758.175,0.274
1771191159.9647675,68757.535,0.299
1771191160.065109,68765.245,0.225
1771191160.1666737,68765.245,0.297
1771191160.2677584,68758.175,0.352
1771191161.4168,68758.175,0.364
1771191161.5217097,68758.175,0.356
1771191161.6223128,68758.175,0.273
1771191162.5036721,68758.175,0.395
1771191162.6048489,68758.175,0.275
1771191162.831106,68758.175,0.305
1771191162.9321337,68758.175,0.297
1771191163.0324569,68758.175,0.286
1771191163.1371012,68758.18,0.310
1771191163.4131367,68758.18,0.317
1771191163.514252,68758.71,0.317
1771191163.663738,68758.71,0.322
1771191163.763549,68775.38500000001,0.314
1771191163.863765,68775.38500000001,0.297
1771191164.188114,68775.38500000001,0.330
1771191164.2926013,68775.38500000001,0.358
1771191165.5151892,68775.38500000001,0.354
1771191165.7460017,68775.38500000001,0.383
1771191165.8472462,68775.38500000001,0.295
1771191166.5559077,68775.38500000001,0.355
1771191166.6572323,68775.38500000001,0.294
1771191166.7583044,68775.38500000001,0.287
1771191166.860954,68775.38500000001,0.303
1771191167.108361,68775.38500000001,0.311
1771191167.2090416,68775.38500000001,0.298
1771191168.5153499,68775.38500000001,0.322
1771191169.0832012,68775.38500000001,0.294
1771191169.1828723,68775.38500000001,0.361
1771191169.283567,68775.38500000001,0.314
1771191169.393479,68777.345,0.307
1771191169.4178164,68777.35,0.043
1771191169.4178913,68778.1,0.022
1771191169.4867544,68777.815,0.323
1771191169.5862951,68777.815,0.239
1771191169.6862555,68777.815,0.289
1771191170.0436034,68777.815,0.320
1771191170.1442502,68777.815,0.317
1771191170.2437794,68777.815,0.318
1771191170.4226856,68777.815,0.315
1771191170.5337753,68777.815,0.308
1771191170.6357267,68777.815,0.320
1771191170.7566745,68777.815,0.331
1771191170.8590574,68777.815,0.304
1771191171.7054083,68777.815,0.320
1771191171.8086095,68777.815,0.311
1771191171.9092054,68777.815,0.307
1771191172.0127368,68777.815,0.318
1771191172.2068012,68777.815,0.341
1771191172.4627016,68777.815,0.378
1771191172.5636847,68777.815,0.355
1771191172.6647887,68777.815,0.292
1771191172.7660334,68777.815,0.264
1771191172.8668668,68777.815,0.265
1771191172.9674594,68777.815,0.256
1771191173.0680165,68777.815,0.262
1771191173.839734,68777.815,0.367
1771191173.94199,68764.16500000001,0.286
1771191174.0440123,68759.435,0.256
1771191174.6208408,68759.435,0.321
1771191174.7243235,68759.435,0.267
1771191175.6718185,68759.435,0.307
1771191175.7730856,68759.435,0.293
1771191175.8741102,68759.435,0.283
1771191175.9789476,68759.435,0.267
1771191176.1880634,68759.435,0.289
1771191176.2898262,68759.435,0.314
1771191177.388973,68759.435,0.320
1771191177.4896388,68775.74,0.301
1771191178.721318,68775.74,0.303
1771191178.8262331,68775.74,0.298
1771191179.5177717,68775.74,0.351
1771191179.6219108,68775.74,0.231
1771191179.761593,68775.74,0.323
1771191179.8641934,68775.74,0.266
1771191180.2473013,68775.74,0.319
1771191180.3474467,68775.74,0.324
1771191180.7947793,68775.74,0.367
1771191181.741553,68775.74,0.374
1771191181.8462093,68759.45000000001,0.312
1771191181.9473941,68759.45000000001,0.298
1771191182.3918738,68771.145,0.396
1771191183.2430966,68771.145,0.329
1771191183.3490636,68774.145,0.283
1771191184.0357509,68774.145,0.354
1771191184.137181,68774.145,0.271
1771191185.8780363,68774.145,0.340
1771191187.0982938,68774.145,0.320
1771191187.2008245,68774.145,0.267
1771191188.399149,68774.145,0.330
1771191188.4998612,68771.085,0.289
1771191188.603648,68771.085,0.330
1771191188.7790248,68771.085,0.314
1771191188.883285,68771.085,0.282
1771191189.8269072,68771.085,0.347
1771191189.9277604,68771.085,0.321
1771191190.030943,68771.085,0.265
1771191190.2024825,68759.45000000001,0.277
1771191190.3031929,68759.45000000001,0.266
1771191190.4043345,68759.45000000001,0.252
1771191190.5045717,68759.38,0.283
1771191190.9579203,68759.38,0.312
1771191191.0705838,68764.025,0.306
1771191191.1707485,68759.38,0.268
1771191191.8652797,68759.45000000001,0.315
1771191191.9686773,68759.575,0.317
1771191192.0729544,68759.575,0.288
1771191192.1736882,68759.575,0.281
1771191193.1668978,68759.575,0.286
1771191193.2668421,68749.75,0.283
1771191193.3693473,68743.37,0.270
1771191193.7471356,68738.455,0.295
1771191193.854685,68744.025,0.304
1771191194.2257843,68744.025,0.324
1771191194.8266015,68736.575,0.335
1771191195.0079944,68736.575,0.316
1771191195.108622,68736.575,0.322
1771191195.2109857,68736.575,0.281
1771191196.040464,68736.575,0.313
1771191196.5753386,68742.03,0.320
1771191196.6756663,68733.91,0.284
1771191196.8014588,68733.91,0.284
1771191196.9024456,68733.91,0.292
1771191198.5335593,68733.91,0.356
1771191198.6343713,68733.91,0.288
1771191199.5003529,68728.605,0.344
1771191199.6010432,68731.125,0.282
1771191199.9953957,68736.905,0.331
1771191200.0964508,68736.905,0.340
1771191200.4014645,68746.22,0.333
1771191200.5020833,68732.26000000001,0.297
1771191200.8901343,68732.26000000001,0.316
1771191201.0173059,68723.06,0.302
1771191201.1231797,68723.06,0.296
1771191201.2251747,68723.06,0.270
1771191201.9655166,68723.06,0.334
1771191202.0658727,68723.06,0.294
1771191202.1702452,68723.06,0.250
1771191203.3562827,68723.06,0.310
1771191203.4582987,68723.68,0.260
1771191204.515278,68716.97,0.334
1771191204.6147592,68720.97,0.304
1771191205.6799743,68716.97,0.333
1771191205.7806149,68726.62,0.311
1771191206.2025352,68726.62,0.254
1771191208.5104375,68726.62,0.344
1771191208.6102753,68721.105,0.273
1771191208.9100008,68721.105,0.314
1771191209.4483922,68721.105,0.356
1771191209.5653985,68727.59,0.294
1771191209.667301,68727.59,0.270
1771191210.2992415,68723.68,0.324
1771191210.4028678,68715.86499999999,0.300
1771191211.1039736,68715.04000000001,0.317
1771191211.2072935,68718.575,0.247
1771191211.3124638,68718.575,0.249
1771191213.2950037,68718.575,0.315
1771191215.70475,68718.575,0.301
1771191215.8117452,68718.575,0.311
1771191216.3603375,68718.575,0.314
1771191217.3657727,68727.20999999999,0.352
1771191217.464519,68723.675,0.290
1771191217.5700953,68723.675,0.294
1771191217.770516,68723.675,0.275
1771191217.8779001,68723.675,0.271
1771191218.4081743,68728.85,0.332
1771191218.5158055,68722.87,0.311
1771191219.515382,68731.67,0.313
1771191219.8827434,68732.475,0.323
1771191219.9843364,68729.13500000001,0.279
1771191220.4261289,68720.335,0.350
1771191220.5252063,68726.54500000001,0.332
1771191220.6901934,68729.88500000001,0.331
1771191220.7901816,68723.935,0.303
1771191220.941652,68723.935,0.344
1771191221.0452306,68723.935,0.272
1771191221.1525083,68723.935,0.283
1771191221.3310888,68723.935,0.271
1771191221.431687,68723.935,0.317
1771191222.230563,68729.88500000001,0.318
1771191222.3312407,68723.38,0.305
1771191222.4339142,68723.675,0.279
1771191222.537097,68723.675,0.274
1771191222.8064919,68723.675,0.302
1771191222.9316814,68723.675,0.275
1771191223.031329,68723.675,0.266
1771191223.132932,68723.675,0.287
1771191223.280487,68723.675,0.244
1771191223.3823657,68723.675,0.263
1771191223.483083,68723.675,0.258
1771191223.5877702,68740.70999999999,0.300
1771191224.2529573,68740.70999999999,0.311
1771191224.356839,68740.70999999999,0.340
1771191226.0265474,68740.70999999999,0.354
1771191226.1273935,68752.395,0.321
1771191226.43621,68740.35500000001,0.308
1771191226.5411375,68740.35500000001,0.311
1771191226.6423807,68740.35500000001,0.296
1771191226.7424052,68740.35500000001,0.249
1771191226.8457906,68740.35500000001,0.284
1771191227.516705,68740.35500000001,0.338
1771191227.6172242,68754.63,0.276
1771191228.7053652,68754.63,0.342
1771191228.8102052,68738.35500000001,0.297
1771191228.9130108,68738.36,0.269
1771191229.8947172,68738.36,0.330
1771191229.9948342,68758.935,0.272
1771191230.8940716,68758.935,0.328
1771191230.994864,68758.935,0.273
1771191231.1489532,68758.935,0.340
1771191231.249763,68758.935,0.271
1771191231.7510505,68758.935,0.287
1771191233.2817118,68758.935,0.328
1771191233.3858612,68758.935,0.291
1771191234.1348493,68758.935,0.361
1771191234.235404,68758.935,0.263
1771191234.580302,68767.78,0.305
1771191234.6881416,68755.245,0.299
1771191235.5152388,68769.785,0.352
1771191235.622979,68769.785,0.310
1771191235.7281241,68769.785,0.263
1771191235.835495,68752.095,0.293
1771191236.022064,68752.095,0.295
1771191236.123577,68752.1,0.327
1771191236.3666875,68752.1,0.324
1771191236.4725633,68752.1,0.307
1771191236.7755868,68752.1,0.296
1771191236.8820844,68746.115,0.258
1771191238.1645432,68757.98000000001,0.370
1771191238.2645626,68760.73000000001,0.279
1771191240.7893105,68763.95999999999,0.321
1771191240.8892787,68752.095,0.280
1771191240.9930131,68750.5,0.270
1771191241.6149955,68750.5,0.328
1771191241.7159603,68750.5,0.306
1771191241.972153,68746.08,0.323
1771191242.0751452,68746.08,0.291
1771191242.7783763,68751.075,0.303
1771191242.8789232,68746.08,0.291
1771191243.294431,68750.5,0.273
1771191243.3959765,68748.35,0.251
1771191243.6076617,68743.35500000001,0.333
1771191243.8265183,68747.66500000001,0.313
1771191243.9292183,68743.35500000001,0.279
1771191244.4220028,68750.35500000001,0.341
1771191244.9417126,68750.35500000001,0.363
1771191245.0431583,68750.35500000001,0.261
1771191245.8257804,68755.51000000001,0.352
1771191245.926909,68750.92,0.305
1771191246.0289726,68748.51000000001,0.259
1771191246.1307268,68746.565,0.329
1771191246.6971977,68746.565,0.320
1771191246.7989655,68739.945,0.273
1771191246.902202,68739.945,0.291
1771191247.3816571,68739.945,0.347
1771191247.4817624,68739.945,0.345
1771191248.8122091,68739.945,0.302
1771191248.9128,68739.945,0.310
1771191250.2414715,68739.945,0.342
1771191250.3431294,68739.945,0.306
1771191251.1384726,68739.945,0.336
1771191251.2413263,68739.945,0.314
1771191251.9622471,68731.70000000001,0.340
1771191252.0624318,68736.275,0.286
1771191252.502278,68745.945,0.343
1771191252.6030643,68734.08499999999,0.277
1771191252.7047632,68734.08499999999,0.292
1771191253.5147762,68736.79000000001,0.346
1771191253.614637,68736.79000000001,0.292
1771191254.1970325,68736.79000000001,0.350
1771191254.3032756,68736.79000000001,0.264
1771191255.5002394,68736.79000000001,0.323
1771191255.6059875,68729.435,0.308
1771191255.7650514,68729.435,0.255
1771191255.8646967,68729.435,0.291
1771191258.0900218,68729.435,0.327
1771191258.1952517,68729.435,0.309
1771191258.9571924,68729.435,0.308
1771191259.0606945,68729.435,0.313
1771191259.166759,68729.435,0.304
1771191259.267483,68733.4,0.290
1771191259.3690479,68733.4,0.264
1771191259.4707334,68733.4,0.314
1771191259.6562965,68726.39499999999,0.281
1771191259.756427,68730.69,0.278
1771191260.3713064,68721.89,0.295
1771191260.4709558,68722.93,0.309
1771191260.572341,68721.235,0.289
1771191260.6738293,68721.235,0.282
1771191260.77471,68721.235,0.244
1771191261.5149453,68721.235,0.314
1771191261.6171725,68712.6,0.284
1771191261.9312363,68712.6,0.324
1771191262.037184,68712.6,0.271
1771191262.7889912,68712.6,0.307
1771191265.3628912,68712.6,0.288
1771191265.6363707,68712.6,0.297
1771191265.7362835,68712.6,0.307
1771191272.4945862,68712.6,0.331
1771191272.6026323,68709.70000000001,0.288
1771191275.1124523,68709.70000000001,0.340
1771191275.2142377,68715.205,0.286
1771191275.3677733,68715.205,0.263
1771191275.468737,68715.205,0.259
1771191276.2048068,68715.205,0.342
1771191276.3048182,68715.20000000001,0.227
1771191276.4053507,68715.20000000001,0.244
1771191277.4866643,68715.20000000001,0.358
1771191277.59007,68715.20000000001,0.283
1771191278.5145478,68718.26000000001,0.330
1771191278.6171424,68715.20000000001,0.295
1771191278.7250755,68715.20000000001,0.289
1771191279.5150967,68721.53,0.303
1771191280.1729352,68721.53,0.338
1771191280.2735207,68721.53,0.335
1771191282.4417462,68721.53,0.349
1771191282.5422764,68721.53,0.271
1771191293.6535902,68721.53,0.355
1771191293.7548847,68715.20000000001,0.302
1771191293.8570578,68715.20000000001,0.245
1771191294.1232345,68715.20000000001,0.345
1771191294.2241776,68715.20000000001,0.297
1771191294.3307126,68715.20000000001,0.274
1771191294.8404405,68718.26000000001,0.237
1771191294.9411576,68715.20000000001,0.263
1771191295.2230058,68715.20000000001,0.292
1771191295.3410745,68715.20000000001,0.213
1771191295.4412153,68715.20000000001,0.224
1771191296.515253,68721.58,0.309
1771191298.3292966,68721.58,0.335
1771191301.616501,68721.58,0.312
1771191301.7154887,68715.20000000001,0.259
1771191302.5170789,68712.3,0.333
1771191302.6191187,68713.225,0.323
1771191303.8807006,68713.225,0.307
1771191303.9841,68713.225,0.285
1771191304.085136,68712.3,0.308
1771191304.320255,68712.3,0.333
1771191304.4227417,68712.3,0.312
1771191305.689092,68712.3,0.341
1771191305.7962816,68712.3,0.312
1771191307.7171628,68715.20000000001,0.340
1771191307.8174071,68709.45000000001,0.286
1771191308.9117436,68709.45000000001,0.314
1771191309.0166855,68706.85,0.288
1771191309.1178768,68706.85,0.280
1771191309.371516,68706.85,0.230
1771191309.4740422,68706.85,0.246
1771191310.5303278,68706.85,0.319
1771191310.6955037,68706.85,0.294
1771191310.7972317,68705.715,0.262
1771191314.54584,68705.715,0.369
1771191314.6450932,68702.965,0.285
1771191314.7481034,68706.63,0.310
1771191315.513977,68706.63,0.315
1771191315.6162505,68705.565,0.258
1771191315.9753342,68705.565,0.285
1771191317.3110645,68706.63,0.359
1771191317.4111798,68702.995,0.247
1771191317.6386247,68702.995,0.296
1771191317.7384434,68702.995,0.265
1771191317.839969,68702.995,0.282
1771191318.1945496,68702.995,0.348
1771191318.3013873,68702.965,0.312
1771191318.5605125,68702.965,0.293
1771191318.6604204,68702.965,0.280
1771191319.514917,68702.965,0.317
1771191319.6231134,68702.965,0.274
1771191320.697241,68702.965,0.325
1771191320.823666,68702.965,0.312
1771191320.9231403,68702.965,0.245
1771191324.25419,68702.965,0.351
1771191324.3544984,68702.965,0.306
1771191324.455518,68702.99,0.247
1771191324.847417,68702.99,0.305
1771191324.9552038,68702.99,0.265
1771191325.1024623,68702.99,0.284
1771191325.3940718,68702.99,0.338
1771191325.5027707,68702.99,0.319
1771191325.6126182,68702.99,0.282
1771191325.7771008,68702.99,0.297
1771191325.895383,68702.99,0.278
1771191326.017019,68702.99,0.277
1771191327.4818919,68702.99,0.339
1771191327.5837095,68702.965,0.296
1771191328.1893132,68702.965,0.336
1771191328.29032,68702.965,0.302
1771191328.488421,68702.965,0.289
1771191328.5900958,68702.965,0.283
1771191329.9142532,68702.965,0.272
1771191330.0158558,68702.965,0.268
1771191330.2434018,68702.965,0.338
1771191331.3518498,68702.965,0.364
1771191331.5817478,68702.99,0.348
1771191331.687042,68702.965,0.292
1771191332.0410209,68702.965,0.291
1771191334.3124402,68702.965,0.331
1771191334.4155672,68702.965,0.220
1771191334.6914628,68702.965,0.293
1771191334.7921402,68702.965,0.264
1771191334.8926423,68702.995,0.263
1771191334.9937813,68702.995,0.262
1771191335.1350057,68702.995,0.284
1771191335.2348323,68702.995,0.281
1771191335.7487087,68702.995,0.336
1771191336.0813951,68702.995,0.308
1771191341.1620843,68702.995,0.331
1771191348.5412922,68702.995,0.277
1771191354.8913054,68702.995,0.335
1771191354.9988139,68702.995,0.273
1771191355.8277395,68702.995,0.353
1771191361.9807904,68702.995,0.279
1771191362.081369,68702.995,0.282
1771191362.1819575,68702.995,0.297
1771191362.8750892,68702.995,0.321
1771191363.2853518,68702.995,0.328
1771191363.3889592,68708.20000000001,0.276
1771191363.4937809,68708.20000000001,0.243
1771191363.6007113,68708.20000000001,0.293
1771191364.092749,68708.20000000001,0.327
1771191364.1947067,68708.28,0.356
1771191364.2950377,68708.28,0.299
1771191364.774159,68708.28,0.309
1771191364.8749127,68708.28,0.284
1771191366.2847736,68713.735,0.355
1771191366.3868952,68713.73,0.288
1771191366.4879787,68713.65,0.217
1771191366.5880752,68711.14000000001,0.227
1771191366.6901824,68711.14000000001,0.231
1771191366.7903206,68711.14000000001,0.245
1771191366.8930154,68711.14000000001,0.253
1771191367.0688012,68711.14000000001,0.257
1771191367.169924,68711.14000000001,0.276
1771191367.5111933,68711.14000000001,0.242
1771191367.6165397,68713.65,0.282
1771191367.7168894,68713.885,0.300
1771191367.8172,68713.885,0.255
1771191368.5159864,68713.885,0.284
1771191369.319965,68713.885,0.361
1771191371.254647,68713.885,0.350
1771191371.3544743,68713.45499999999,0.266
1771191373.1077273,68713.885,0.335
1771191373.207254,68719.04999999999,0.308
1771191373.3088539,68719.04999999999,0.273
1771191373.683946,68713.65,0.281
1771191373.79289,68716.185,0.305
1771191374.400983,68716.185,0.335
1771191375.2865567,68716.185,0.336
1771191375.389903,68716.185,0.278
1771191379.479454,68716.185,0.353
1771191384.5644574,68716.185,0.274
1771191394.2587128,68716.185,0.350
1771191394.3606336,68718.79000000001,0.312
1771191402.2524836,68713.65,0.326
1771191402.3532102,68713.65,0.290
1771191402.4543316,68713.65,0.258
1771191402.5609803,68712.41500000001,0.216
1771191403.2312245,68712.41500000001,0.320
1771191403.3331363,68712.41500000001,0.265
1771191403.5169573,68712.41500000001,0.282
1771191403.6186864,68708.035,0.252
1771191403.7709985,68712.41500000001,0.296
1771191403.8742256,68712.41500000001,0.263
1771191403.9822612,68712.41500000001,0.265
1771191404.0880613,68710.47,0.245
1771191404.3045616,68708.595,0.330
1771191404.4110317,68710.47,0.286
1771191404.6149852,68710.47,0.250
1771191405.5152118,68705.29000000001,0.342
1771191406.8246047,68705.29000000001,0.335
1771191406.9308949,68705.29000000001,0.309
1771191408.7546525,68705.29000000001,0.337
1771191408.8628392,68705.29000000001,0.291
1771191409.544366,68705.29000000001,0.323
1771191409.6502976,68705.29000000001,0.295
1771191410.2612607,68705.29000000001,0.347
1771191410.3622947,68705.29000000001,0.332
1771191410.463726,68705.29000000001,0.326
1771191410.5663896,68705.29000000001,0.299
1771191410.834688,68705.29000000001,0.335
1771191410.9357016,68705.29000000001,0.300
1771191414.4898293,68705.29000000001,0.381
1771191414.5916579,68704.705,0.269
1771191415.282087,68704.705,0.311
1771191415.3874958,68704.705,0.259
1771191415.5806806,68704.705,0.314
1771191415.7608411,68704.705,0.298
1771191415.8676353,68704.705,0.310
1771191415.9696412,68704.705,0.285
1771191420.0747702,68704.705,0.349
1771191420.1798766,68704.705,0.311
1771191420.6562033,68704.705,0.271
1771191420.7660267,68704.705,0.292
1771191420.8682716,68703.435,0.274
1771191421.4700918,68703.435,0.337
1771191421.5709376,68703.435,0.287
1771191421.6760874,68702.965,0.245
1771191422.5157468,68702.965,0.358
1771191426.7841098,68702.965,0.325
1771191426.8871331,68702.965,0.292
1771191431.4814255,68702.965,0.321
1771191431.5776038,68702.96,0.041
1771191431.5833933,68702.965,0.253
1771191431.6860871,68702.965,0.242
1771191431.7907848,68702.965,0.241
1771191432.177916,68702.96,0.040
1771191432.1784794,68700.20999999999,0.244
1771191432.282658,68699.51999999999,0.308
1771191432.3907676,68699.51999999999,0.281
1771191432.5209894,68699.515,0.267
1771191432.6213355,68699.515,0.247
1771191432.7243824,68699.515,0.264
1771191432.825025,68700.20999999999,0.273
1771191432.939017,68710.525,0.261
1771191433.0471902,68697.455,0.259
1771191433.380268,68697.45,0.043
1771191433.3804634,68695.79,0.029
1771191433.380831,68679.58,0.361
1771191433.4896612,68679.58,0.305
1771191433.6001408,68679.58,0.266
1771191433.6994412,68679.58,0.238
1771191433.8010042,68692.95,0.281
1771191433.9019914,68692.95,0.272
1771191435.516268,68692.95,0.339
1771191435.6224227,68688.455,0.282
1771191436.1664896,68688.455,0.285
1771191436.2672668,68688.455,0.256
1771191436.3713474,68688.455,0.254
1771191436.5863795,68688.455,0.281
1771191436.6870854,68688.455,0.244
1771191437.1685727,68688.455,0.272
1771191437.2696512,68688.455,0.285
1771191437.6374059,68688.455,0.222
1771191437.864899,68688.455,0.322
1771191439.5715115,68688.455,0.327
1771191439.673582,68688.455,0.245
1771191439.7810805,68688.455,0.257
1771191440.5874004,68688.455,0.345
1771191440.6877775,68688.455,0.260
1771191440.7908723,68688.455,0.257
1771191442.1354985,68688.455,0.344
1771191442.2384691,68688.455,0.264
1771191442.341272,68688.455,0.260
1771191442.4517817,68688.455,0.316
1771191442.5549164,68688.455,0.249
1771191442.6562629,68688.455,0.204
1771191442.7569406,68688.455,0.263
1771191443.5155003,68688.455,0.332
1771191443.6407814,68688.45,0.044
1771191443.6411183,68688.455,0.283
1771191443.9779656,68688.45,0.044
1771191443.977993,68663.1,0.017
1771191443.978794,68675.78,0.243
1771191444.0830514,68672.88,0.272
1771191444.7910273,68672.88,0.313
1771191445.471307,68672.88,0.335
1771191445.6187744,68672.88,0.308
1771191445.7210495,68672.88,0.242
1771191446.227215,68672.88,0.299
1771191446.681081,68663.1,0.043
1771191446.68135,68672.88,0.259
1771191446.8636339,68672.88,0.306
1771191446.9645677,68672.88,0.262
1771191447.4952276,68672.88,0.330
1771191447.5679202,68663.1,0.037
1771191447.5987103,68672.88,0.289
1771191447.975518,68672.88,0.315
1771191447.9990673,68663.1,0.032
1771191448.077394,68672.88,0.281
1771191448.4369276,68663.1,0.054
1771191448.4373055,68672.88,0.365
1771191449.8827822,68672.88,0.342
1771191449.9832888,68678.17,0.270
1771191450.084546,68678.17,0.299
1771191453.0717454,68678.17,0.340
1771191453.1791255,68678.17,0.248
1771191453.8695009,68678.17,0.318
1771191453.976815,68678.16500000001,0.310
1771191455.9782786,68668.33,0.045
1771191455.9789186,68678.16500000001,0.298
1771191456.7325408,68668.33,0.064
1771191456.7330408,68678.16500000001,0.345
1771191459.7983305,68678.16500000001,0.327
1771191459.8995838,68677.775,0.302
1771191461.3896878,68674.33499999999,0.347
1771191461.4900055,68671.515,0.322
1771191461.7680228,68671.515,0.285
1771191461.8704157,68674.725,0.253
1771191461.9704523,68674.725,0.274
1771191462.1559997,68668.87,0.343
1771191462.2647376,68668.87,0.297
1771191462.3663137,68670.375,0.307
1771191463.515645,68666.81,0.362
1771191463.6239686,68666.81,0.273
1771191464.4223757,68666.81,0.331
1771191469.498242,68666.81,0.347
1771191469.6049874,68666.81,0.288
1771191469.7082055,68666.81,0.268
1771191469.8896866,68666.81,0.313
1771191469.993297,68666.81,0.249
1771191470.1195645,68670.375,0.338
1771191470.2272034,68663.92499999999,0.235
1771191470.3272407,68663.92499999999,0.277
1771191470.5416791,68663.92499999999,0.324
1771191470.6512258,68663.92499999999,0.267
1771191471.0120587,68663.92499999999,0.292
1771191471.1125793,68663.92499999999,0.296
1771191471.3050041,68663.92499999999,0.292
1771191471.4101863,68663.92499999999,0.246
1771191472.4116242,68663.92499999999,0.356
1771191472.5208583,68663.92499999999,0.305
1771191473.8611782,68663.92499999999,0.311
1771191473.9581525,68663.305,0.280
1771191474.0586352,68662.35,0.280
1771191474.625078,68662.35,0.334
1771191474.727993,68662.125,0.237
1771191475.4702358,68662.125,0.329
1771191475.572393,68662.125,0.273
1771191475.676032,68662.125,0.253
1771191476.3617272,68662.125,0.366
1771191476.4621472,68662.125,0.301
1771191476.7414567,68662.125,0.250
1771191476.8492162,68662.125,0.255
1771191477.115257,68662.125,0.320
1771191478.107017,68662.125,0.357
1771191478.7752779,68662.125,0.287
1771191479.3515527,68662.125,0.325
1771191479.451797,68662.125,0.253
1771191479.6532443,68662.125,0.279
1771191479.7535636,68662.125,0.259
1771191481.1403894,68662.125,0.331
1771191482.066132,68662.125,0.330
1771191482.1676922,68662.125,0.357
1771191482.6713338,68662.125,0.327
1771191483.5431168,68662.125,0.320
1771191483.6464853,68662.125,0.280
1771191487.3527963,68662.125,0.319
1771191487.4552069,68662.125,0.267
1771191487.987097,68662.125,0.314
1771191488.0894158,68662.125,0.305
1771191488.189676,68661.455,0.319
1771191488.353775,68661.455,0.294
1771191488.4577897,68661.455,0.248
1771191488.5590951,68661.455,0.238
1771191489.3357458,68661.455,0.333
1771191489.659136,68661.455,0.321
1771191489.6682892,68661.45,0.031
1771191489.7606938,68637.525,0.219
1771191490.5216742,68637.525,0.363
1771191490.622826,68637.525,0.307
1771191490.7228508,68621.215,0.283
1771191490.8254082,68624.2,0.243
1771191490.9300485,68624.2,0.257
1771191491.0709448,68624.2,0.263
1771191493.406069,68627.625,0.314
1771191493.5061562,68631.52,0.270
1771191493.6070771,68636.65,0.256
1771191493.7074533,68636.65,0.259
1771191493.8083084,68636.65,0.237
1771191493.9089298,68634.48999999999,0.248
1771191494.422969,68634.48999999999,0.299
1771191494.6952095,68637.045,0.290
1771191494.8009617,68637.045,0.243
1771191494.909239,68634.48999999999,0.230
1771191495.2611337,68634.61499999999,0.326
1771191495.367219,68628.78,0.272
1771191495.4719958,68628.78,0.318
1771191495.6315506,68628.78,0.317
1771191495.7380102,68628.78,0.265
1771191497.6416833,68628.78,0.356
1771191497.7479227,68628.78,0.273
1771191499.507204,68628.78,0.343
1771191499.643629,68631.975,0.335
1771191499.7430072,68625.4,0.279
1771191499.8438065,68623.35500000001,0.252
1771191500.366291,68623.38500000001,0.316
1771191500.4702692,68616.01999999999,0.288
1771191501.264045,68616.01999999999,0.334
1771191502.2462928,68623.38500000001,0.337
1771191502.3511465,68621.62,0.253
1771191502.4512465,68621.62,0.290
1771191502.6458445,68626.07,0.278
1771191502.7519994,68626.07,0.261
1771191503.5141578,68624.32,0.312
1771191504.585007,68624.32,0.338
1771191505.399565,68624.32,0.312
1771191505.5051,68615.205,0.283
1771191506.6345053,68615.205,0.330
1771191506.7404087,68615.205,0.276
1771191506.922267,68615.205,0.269
1771191507.2297263,68621.005,0.365
1771191507.3368042,68615.205,0.246
1771191508.515565,68626.05,0.344
1771191512.4144366,68627.8,0.307
1771191512.5134604,68622.095,0.275
1771191512.6480439,68622.095,0.245
1771191512.7516618,68622.095,0.270
1771191513.1293347,68622.095,0.292
1771191513.3185642,68616.95,0.253
1771191513.4229639,68624.82999999999,0.230
1771191514.247341,68616.95,0.353
1771191514.3467433,68612.685,0.270
1771191514.7859504,68617.855,0.317
1771191514.892753,68612.685,0.269
1771191516.203556,68624.29000000001,0.341
1771191516.3087509,68626.94,0.333
1771191518.4815474,68626.94,0.363
1771191518.586602,68626.94,0.285
1771191521.6480331,68626.94,0.330
1771191521.7506402,68626.94,0.321
1771191523.666833,68628.555,0.364
1771191523.769514,68624.215,0.299
1771191524.3919656,68624.215,0.315
1771191524.4932232,68621.67,0.276
1771191525.0500023,68618.06,0.329
1771191525.1551178,68624.27,0.330
1771191533.6860971,68628.465,0.334
1771191533.7871385,68627.035,0.294
1771191535.4313838,68627.035,0.294
1771191535.541418,68627.035,0.285
1771191536.151052,68627.035,0.332
1771191542.268724,68620.825,0.358
1771191542.3686538,68622.255,0.353
1771191542.4690104,68622.4,0.235
1771191542.6456156,68622.4,0.314
1771191542.7488263,68622.4,0.279
1771191542.8509383,68622.4,0.254
1771191543.5161285,68622.4,0.302
1771191543.619932,68622.4,0.272
1771191543.8075128,68622.4,0.282
1771191543.9109035,68622.405,0.228
1771191544.5149689,68635.725,0.299
1771191544.6170213,68635.725,0.268
1771191545.7278233,68635.725,0.356
1771191545.8283854,68635.725,0.321
1771191546.2829688,68642.16500000001,0.362
1771191546.388146,68640.375,0.297
1771191548.8881822,68640.375,0.332
1771191549.5620203,68640.375,0.333
1771191549.6681705,68640.375,0.289
1771191551.6620426,68640.375,0.336
1771191551.7620792,68635.58499999999,0.278
1771191553.514636,68635.58499999999,0.332
1771191553.6210325,68645.74,0.276
1771191553.971842,68645.74,0.285
1771191554.0796237,68645.74,0.292
1771191555.0675647,68645.74,0.328
1771191555.1678052,68645.74,0.331
1771191555.6144876,68645.74,0.305
1771191555.718961,68642.83,0.284
1771191556.5148416,68641.87,0.326
1771191560.6565118,68641.87,0.315
1771191560.7616866,68641.87,0.299
1771191560.8856962,68634.625,0.272
1771191560.98594,68634.625,0.234
1771191561.8267963,68639.18,0.347
1771191561.936658,68634.625,0.313
1771191562.4541328,68635.58499999999,0.284
1771191562.5606856,68635.58499999999,0.302
1771191562.8181138,68635.58499999999,0.288
1771191562.91827,68635.58499999999,0.270
1771191563.0209138,68634.73999999999,0.242
1771191563.122497,68630.315,0.273
1771191563.9896975,68630.315,0.286
1771191564.0984776,68630.315,0.292
1771191564.3880548,68631.35,0.344
1771191564.490232,68631.35,0.235
1771191564.594395,68633.045,0.260
1771191565.5148861,68639.975,0.320
1771191566.6561651,68639.975,0.332
1771191566.7608056,68639.975,0.300
1771191567.318617,68639.975,0.368
1771191568.2271364,68639.975,0.340
1771191573.5338035,68642.515,0.301
1771191573.6402054,68645.12,0.293
1771191573.6885788,68635.47,0.037
1771191573.7422256,68645.12,0.255
1771191574.0485113,68635.47,0.039
1771191574.0488331,68645.12,0.256
1771191574.1523519,68645.12,0.305
1771191574.482,68635.47,0.044
1771191574.483183,68645.12,0.224
1771191574.9146695,68635.47,0.049
1771191574.9150116,68645.12,0.331
1771191575.0145855,68635.58499999999,0.251
1771191575.1185465,68644.445,0.280
1771191575.345796,68644.445,0.313
1771191575.3465712,68634.12,0.029
1771191575.4551828,68644.445,0.269
1771191575.5562084,68635.58499999999,0.279
1771191575.6559653,68635.58499999999,0.232
1771191576.5151396,68647.12,0.296
1771191578.656594,68647.12,0.354
1771191578.7652042,68647.12,0.290
1771191582.1516767,68639.47,0.054
1771191582.1526434,68647.12,0.327
1771191582.4977605,68639.47,0.044
1771191582.498137,68647.12,0.246
1771191584.294165,68647.12,0.344
1771191584.6566055,68647.12,0.306
1771191584.757764,68647.12,0.291
1771191586.6121068,68647.12,0.327
1771191586.7156143,68647.12,0.272
1771191589.3824914,68647.12,0.347
1771191590.2409534,68647.12,0.347
1771191590.341902,68649.725,0.317
1771191590.4421017,68649.725,0.302
1771191592.7153115,68635.58499999999,0.322
1771191592.8210578,68658.31,0.307
1771191592.9224231,68658.31,0.276
1771191593.0432398,68658.31,0.221
1771191593.1473715,68658.31,0.296
1771191595.4139807,68649.79,0.045
1771191595.4146042,68658.31,0.338
1771191595.5169873,68647.565,0.302
1771191595.62438,68647.565,0.255
1771191595.7859807,68647.565,0.324
1771191595.8918498,68647.565,0.296
1771191595.9916165,68668.62,0.290
1771191596.096058,68658.445,0.290
1771191596.1968663,68658.445,0.254
1771191596.2971365,68667.51999999999,0.248
1771191596.4049034,68663.51000000001,0.270
1771191596.5146503,68663.51000000001,0.294
1771191596.616767,68663.51000000001,0.227
1771191597.3946817,68669.585,0.354
1771191597.4949963,68663.51000000001,0.260
1771191599.515292,68676.195,0.335
1771191599.6249368,68676.195,0.263
1771191600.745268,68676.195,0.320
1771191601.5196378,68676.195,0.370
1771191602.7434688,68670.01000000001,0.323
1771191602.8499508,68679.175,0.289
1771191605.9066052,68670.53,0.048
1771191605.9071002,68679.175,0.317
1771191606.1262116,68683.185,0.319
1771191606.229869,68681.91500000001,0.306
1771191607.150141,68670.53,0.046
1771191607.1504843,68681.91500000001,0.332
1771191607.259052,68670.53,0.035
1771191607.259353,68681.91500000001,0.254
1771191607.3599494,68672.75,0.236
1771191608.0027022,68681.265,0.338
1771191609.7182288,68682.535,0.297
1771191609.8189013,68676.1,0.284
1771191613.820392,68670.17499999999,0.332
1771191613.9204457,68678.67499999999,0.288
1771191614.6539118,68678.67499999999,0.313
1771191614.7546625,68678.67499999999,0.288
1771191618.7666333,68678.67499999999,0.369
1771191619.052896,68678.67499999999,0.341
1771191619.3902082,68678.67499999999,0.348
1771191620.3659966,68678.67499999999,0.347
1771191622.922631,68670.17499999999,0.358
1771191623.0216746,68657.035,0.300
1771191623.1217782,68657.035,0.292
1771191623.227708,68657.035,0.272
1771191624.003291,68657.035,0.320
1771191624.1043665,68657.035,0.263
1771191624.514369,68650.655,0.336
1771191624.621415,68659.69,0.233
1771191624.853027,68659.69,0.306
1771191624.9539762,68659.69,0.270
1771191628.4683125,68650.655,0.333
1771191628.57383,68653.85500000001,0.284
1771191629.3049016,68653.485,0.347
1771191629.4092517,68664.525,0.294
1771191629.977184,68664.895,0.321
1771191630.0784247,68650.91,0.299
1771191630.2242734,68653.85500000001,0.299
1771191630.352223,68657.035,0.283
1771191630.4538755,68652.16,0.266
1771191631.1190875,68648.26000000001,0.255
1771191631.2224586,68655.66,0.272
1771191631.4989402,68659.56,0.319
1771191631.6327863,68652.16,0.235
1771191631.733214,68660.83,0.260
1771191632.2515805,68662.10500000001,0.352
1771191632.3533638,68664.66,0.297
1771191632.7043357,68664.66,0.266
1771191633.4579117,68664.66,0.331
1771191633.5618138,68664.555,0.296
1771191643.1588252,68664.555,0.280
1771191645.8281493,68664.555,0.328
1771191645.9360323,68652.155,0.274
1771191647.4558208,68651.51999999999,0.352
1771191647.5586746,68651.51999999999,0.300
1771191648.514885,68661.45499999999,0.363
1771191648.618266,68661.45499999999,0.300
1771191650.5152678,68661.45499999999,0.344
1771191650.6234381,68661.45499999999,0.287
1771191655.027914,68661.45499999999,0.336
1771191655.1292763,68661.45499999999,0.289
1771191655.4141192,68661.45499999999,0.286
1771191659.6159463,68662.09,0.339
1771191659.7159562,68652.155,0.258
1771191659.8164766,68650.015,0.244
1771191661.2488768,68650.015,0.309
1771191661.5138736,68649.11499999999,0.306
1771191661.6164315,68656.07,0.284
1771191663.5830083,68656.97,0.332
1771191663.6845925,68650.23999999999,0.266
1771191664.7001557,68646.025,0.277
1771191664.8012178,68652.78,0.254
1771191664.9072814,68655.385,0.246
1771191671.689467,68655.385,0.268
1771191671.791804,68655.38,0.291
1771191674.6463208,68655.38,0.335
1771191674.7551775,68655.38,0.298
1771191676.347515,68648.625,0.331
1771191676.4496763,68657.965,0.316
1771191677.2338972,68650.18,0.046
1771191677.2342515,68657.965,0.344
1771191678.971765,68657.965,0.348
1771191679.0810776,68657.965,0.273
1771191681.5845065,68648.625,0.323
1771191681.6869326,68660.68,0.303
1771191683.6536698,68660.68,0.363
1771191683.7560437,68660.68,0.284
1771191691.620273,68648.625,0.331
1771191691.725708,68648.625,0.264
1771191691.8267345,68650.015,0.256
1771191691.9544747,68650.015,0.244
1771191692.0552492,68653.88,0.229
1771191692.2760258,68653.885,0.296
1771191692.9767425,68659.475,0.354
1771191693.0791278,68653.885,0.258
1771191693.1810856,68653.885,0.288
1771191694.3047187,68659.475,0.329
1771191694.4110909,68653.885,0.296
1771191695.3043036,68659.475,0.311
1771191695.4100184,68653.885,0.242
1771191695.6432474,68653.885,0.317
1771191695.7470663,68653.885,0.244
1771191696.479399,68659.475,0.322
1771191696.586427,68653.885,0.293
1771191696.6962764,68653.885,0.288
1771191697.1972482,68659.475,0.337
1771191697.2997313,68653.885,0.280
1771191698.514486,68670.11,0.345
1771191698.6188452,68670.11,0.288
1771191702.8835747,68670.11,0.338
1771191702.9836855,68656.68,0.307
1771191703.083815,68656.685,0.267
1771191703.1846566,68656.685,0.291
1771191703.3867567,68656.68,0.305
1771191704.334128,68656.68,0.320
1771191704.4369805,68656.68,0.273
1771191704.5386214,68663.305,0.279
1771191704.733251,68663.965,0.271
1771191704.8347855,68656.505,0.277
1771191704.9354146,68654.76000000001,0.249
1771191706.5160325,68653.38,0.331
1771191706.6156456,68658.1,0.357
1771191707.992245,68658.1,0.320
1771191708.0938048,68656.79,0.307
1771191710.201866,68656.79,0.401
1771191710.3056753,68656.79,0.289
1771191710.5029957,68652.07,0.314
1771191710.6046815,68659.82500000001,0.309
1771191716.2693605,68659.82500000001,0.273
1771191716.3715765,68659.57,0.325
1771191719.4596405,68659.57,0.336
1771191719.5659323,68656.965,0.275
1771191719.9296217,68657.0,0.303
1771191720.0328887,68647.76000000001,0.270
1771191721.5155678,68645.155,0.337
1771191721.6188276,68651.805,0.330
1771191721.7212234,68651.805,0.290
1771191725.2164571,68645.155,0.331
1771191725.3180192,68654.425,0.257
1771191725.6495988,68657.03,0.333
1771191725.74977,68657.03,0.270
1771191726.6182132,68647.76000000001,0.333
1771191726.7183945,68647.76000000001,0.277
1771191726.8200624,68647.76000000001,0.239
1771191728.5162537,68659.38500000001,0.342
1771191731.4215558,68659.38500000001,0.369
1771191731.5248396,68659.38500000001,0.348
1771191733.2197528,68659.38500000001,0.357
1771191733.3235915,68656.655,0.302
1771191734.5151541,68656.29500000001,0.333
1771191735.3234575,68647.4,0.309
1771191735.4292395,68650.965,0.253
1771191740.1400104,68650.965,0.338
1771191740.2441988,68650.965,0.346
1771191759.0370822,68644.67499999999,0.329
1771191759.1375759,68647.76000000001,0.312
1771191759.2383132,68647.76000000001,0.300
1771191759.6316912,68647.76000000001,0.344
1771191759.7386253,68647.76000000001,0.310
1771191760.514606,68647.76000000001,0.351
1771191760.6181908,68665.29500000001,0.294
1771191764.6363406,68665.29500000001,0.346
1771191764.7418804,68665.29500000001,0.321
1771191764.9351635,68666.005,0.298
1771191765.0439293,68662.62,0.274
1771191766.5645013,68662.62,0.344
1771191779.9106357,68666.005,0.297
1771191780.0191607,68657.345,0.291
1771191780.6151674,68657.345,0.331
1771191780.715947,68653.02,0.299
1771191780.8154547,68636.54000000001,0.273
1771191780.9158344,68635.38,0.244
1771191781.0162234,68635.38,0.230
1771191781.1169531,68635.38,0.271
1771191782.4848306,68633.10500000001,0.349
1771191782.5886478,68641.08,0.314
1771191783.8462923,68633.10500000001,0.333
1771191783.9559107,68643.725,0.265
1771191786.025339,68643.725,0.308
1771191786.1311967,68643.725,0.324
1771191786.8215008,68643.725,0.341
1771191786.9261894,68641.52,0.250
1771191787.0306892,68641.52,0.268
1771191791.6325119,68641.52,0.336
1771191791.7377913,68641.52,0.317
1771191792.5180116,68641.52,0.320
1771191792.6181076,68641.52,0.270
1771191795.786752,68630.9,0.358
1771191795.890702,68638.94,0.284
1771191800.423187,68640.28,0.280
1771191800.531224,68633.845,0.303
1771191800.635638,68633.845,0.300
1771191800.8676467,68633.845,0.306
1771191800.9678624,68633.845,0.243
1771191802.566901,68633.845,0.336
1771191802.6681309,68631.235,0.258
1771191802.829893,68637.715,0.286
1771191803.4792378,68631.74,0.258
1771191804.0272763,68626.26000000001,0.271
1771191804.12807,68629.025,0.320
1771191804.2283664,68626.325,0.311
1771191804.3291702,68610.11,0.313
1771191805.1649523,68610.11,0.336
1771191805.2690165,68610.11,0.292
1771191805.370745,68620.435,0.287
1771191805.7697442,68620.435,0.374
1771191805.8741462,68616.32,0.280
1771191805.978949,68616.32,0.227
1771191807.3815053,68625.08499999999,0.353
1771191807.4852362,68609.175,0.241
1771191807.624241,68620.735,0.262
1771191807.7274551,68606.435,0.250
1771191808.5157192,68612.11,0.316
1771191808.622829,68612.11,0.271
1771191810.8480206,68612.11,0.356
1771191810.9486065,68609.45499999999,0.274
1771191811.0533824,68609.45499999999,0.226
1771191812.5143416,68606.29999999999,0.310
1771191817.4561799,68606.29999999999,0.276
1771191821.6271095,68606.29999999999,0.329
1771191821.7319677,68606.29999999999,0.273
1771191824.766156,68603.28,0.340
1771191824.8671176,68606.275,0.274
1771191824.9704254,68606.275,0.310
1771191825.06845,68606.275,0.249
1771191825.5016198,68610.465,0.302
1771191825.608063,68606.275,0.271
1771191826.300909,68616.265,0.363
1771191830.6269248,68616.265,0.366
1771191830.7293355,68616.265,0.269
1771191831.2890754,68616.265,0.328
1771191831.3940418,68616.265,0.283
1771191832.7681687,68616.265,0.344
1771191832.8672314,68616.265,0.284
1771191835.978326,68623.05,0.047
1771191835.9796348,68616.265,0.333
1771191836.161664,68619.75,0.356
1771191836.7259808,68619.75,0.329
1771191836.825914,68619.75,0.296
1771191838.5150976,68619.75,0.311
1771191838.6190794,68619.75,0.269
1771191839.5481791,68619.75,0.292
1771191839.6540966,68619.75,0.283
1771191842.622491,68619.75,0.333
1771191842.732199,68619.75,0.263
1771191842.9718356,68619.75,0.321
1771191843.0767915,68619.75,0.304
1771191855.7066638,68619.75,0.340
1771191855.807033,68619.75,0.284
1771191856.2457478,68623.65,0.344
1771191856.345486,68623.53,0.281
1771191856.634251,68623.53,0.298
1771191857.5146658,68623.53,0.376
1771191857.621141,68623.53,0.256
1771191858.5152333,68623.53,0.356
1771191858.6181934,68623.53,0.279
1771191860.2088623,68623.64499999999,0.351
1771191860.3083491,68621.01999999999,0.312
1771191860.6215556,68621.01999999999,0.359
1771191860.723828,68621.01999999999,0.329
1771191861.3003285,68623.64499999999,0.339
1771191861.4003236,68623.64499999999,0.283
1771191862.2149298,68623.64499999999,0.345
1771191862.514103,68623.59,0.329
1771191862.870782,68623.59,0.344
1771191862.9784696,68623.64499999999,0.286
1771191864.5149941,68621.09,0.354
1771191865.2426124,68621.09,0.335
1771191865.34332,68623.64499999999,0.283
1771191865.5372026,68623.64499999999,0.281
1771191865.6398451,68623.64499999999,0.252
1771191866.0290246,68623.64499999999,0.344
1771191866.1298006,68621.465,0.310
1771191866.358892,68621.465,0.339
1771191866.571917,68621.465,0.273
1771191866.6720607,68619.61499999999,0.248
1771191872.6176896,68619.61499999999,0.333
1771191872.7214327,68619.61499999999,0.271
1771191873.1662045,68619.61499999999,0.332
1771191873.2719398,68617.055,0.297
1771191873.3724756,68617.055,0.261
1771191874.5149639,68617.055,0.350
1771191874.9754927,68617.055,0.321
1771191876.8486207,68617.055,0.367
1771191876.9516664,68617.055,0.354
1771191877.6542938,68617.055,0.311
1771191877.7551088,68617.055,0.278
1771191879.0720687,68617.055,0.332
1771191879.1728573,68619.575,0.271
1771191879.9613798,68619.575,0.324
1771191880.0660818,68619.575,0.295
1771191881.3031754,68619.575,0.324
1771191881.410086,68619.575,0.276
1771191898.1864226,68623.6,0.286
1771191898.2872343,68617.01999999999,0.247
1771191898.7429001,68617.01999999999,0.281
1771191898.89431,68617.01999999999,0.287
1771191899.05451,68617.01999999999,0.284
1771191899.154896,68619.525,0.256
1771191899.43945,68619.525,0.296
1771191899.5401843,68619.51999999999,0.240
1771191900.0886652,68619.51999999999,0.354
1771191900.190158,68618.755,0.248
1771191900.2891495,68618.755,0.294
1771191900.3896818,68617.965,0.323
1771191900.93335,68619.51999999999,0.339
1771191901.0349457,68616.455,0.278
1771191901.1413245,68616.455,0.241
1771191901.2413237,68616.455,0.257
1771191901.442059,68616.455,0.264
1771191901.5420046,68616.455,0.280
1771191901.7562907,68616.455,0.281
1771191901.8553097,68616.455,0.268
1771191902.0130887,68616.455,0.265
1771191902.1151805,68616.455,0.321
1771191902.2175975,68617.59,0.285
1771191902.5087757,68617.59,0.314
1771191902.6095011,68617.91500000001,0.301
1771191902.7122433,68619.51999999999,0.241
1771191902.9252036,68619.51999999999,0.288
1771191903.0280726,68619.51999999999,0.274
1771191903.128269,68619.51999999999,0.262
1771191903.2303104,68619.06,0.260
1771191904.3017266,68619.51999999999,0.363
1771191904.4061844,68617.37,0.294
1771191904.5139208,68617.37,0.276
1771191904.6224275,68616.475,0.255
1771191905.2596455,68616.475,0.314
1771191905.361256,68616.475,0.256
1771191905.590551,68616.475,0.312
1771191905.697231,68616.475,0.239
1771191905.8313966,68616.475,0.293
1771191905.9374325,68616.455,0.274
1771191906.4016824,68616.455,0.377
1771191906.5026731,68616.455,0.288
1771191906.9299185,68616.455,0.330
1771191907.712297,68616.455,0.299
1771191907.8225083,68616.455,0.256
1771191907.973681,68616.455,0.301
1771191908.0823183,68616.455,0.239
1771191909.1800168,68616.455,0.282
1771191909.282172,68616.455,0.263
1771191909.3890476,68616.455,0.245
1771191909.4941444,68616.455,0.224
1771191910.0953314,68616.455,0.344
1771191910.2049057,68616.455,0.259
1771191910.8016388,68616.475,0.353
1771191910.9070902,68616.455,0.275
1771191911.0920155,68616.455,0.310
1771191911.193899,68616.455,0.268
1771191912.0090442,68616.455,0.324
1771191914.4318838,68616.455,0.363
1771191914.5327187,68616.455,0.285
1771191914.6360686,68616.455,0.250
1771191915.8212376,68616.455,0.298
1771191915.9227066,68616.455,0.297
1771191916.0269802,68616.455,0.258
1771191916.1329553,68616.455,0.300
1771191916.2340422,68616.455,0.258
1771191916.3334477,68619.06,0.267
1771191916.4339225,68619.06,0.290
1771191916.534372,68619.06,0.254
1771191916.636085,68619.06,0.260
1771191917.0924714,68619.06,0.330
1771191917.3528476,68590.34,0.345
1771191917.3530824,68616.45,0.027
1771191917.3531046,68589.5,0.016
1771191917.3531227,68559.01,0.014
1771191917.459583,68593.985,0.276
1771191917.5665832,68610.09,0.260
1771191918.1688638,68610.09,1.604
1771191919.669429,68610.09,0.325
1771191921.5791144,68610.73999999999,0.327
1771191921.6799934,68613.43,0.248
1771191921.907813,68613.43,0.327
1771191922.0094776,68613.43,0.262
1771191922.110416,68610.84,0.261
1771191923.101612,68610.84,0.372
1771191923.2066183,68610.84,0.273
1771191924.2532904,68610.84,0.299
1771191924.353746,68610.84,0.273
1771191924.7476861,68610.84,0.287
1771191925.2790785,68610.84,0.296
1771191925.3854692,68610.84,0.247
1771191934.6933768,68601.59,0.338
1771191934.8003404,68613.35,0.248
1771191940.0875108,68613.35,0.331
1771191940.1956675,68613.35,0.366
1771191942.8926558,68616.77,0.347
1771191942.9940956,68616.77,0.288
1771191945.6797647,68616.77,0.345
1771191945.780336,68616.77,0.285
1771191946.819518,68605.01000000001,0.283
1771191946.9202309,68605.01000000001,0.270
1771191947.0273986,68605.01000000001,0.273
1771191947.1625543,68606.22,0.297
1771191947.3461547,68606.225,0.251
1771191947.4460588,68620.775,0.230
1771191947.7023518,68615.81,0.039
1771191947.7026985,68620.775,0.299
1771191947.803908,68606.225,0.245
1771191947.977678,68606.225,0.293
1771191948.080936,68616.595,0.249
1771191948.3128738,68610.88500000001,0.277
1771191948.4209464,68610.88500000001,0.239
1771191949.5143597,68614.315,0.340
1771191954.8432817,68614.315,0.305
1771191954.9507716,68614.315,0.296
1771191956.6300192,68614.315,0.349
1771191956.7314024,68614.315,0.240
1771191956.8321013,68614.315,0.231
1771191956.9326322,68614.315,0.248
1771191957.0338604,68614.315,0.239
1771191957.1375182,68614.315,0.267
1771191957.2376695,68614.315,0.284
1771191957.3458266,68614.315,0.234
1771191957.7514288,68614.315,0.288
1771191957.860426,68614.315,0.215
1771191958.1191206,68614.315,0.340
1771191960.4836388,68614.315,0.357
1771191960.5846868,68614.315,0.311
1771191960.6839547,68614.315,0.275
1771191961.724363,68614.315,0.312
1771191961.8258293,68614.315,0.229
1771191962.5979807,68614.315,0.354
1771191962.7022882,68614.315,0.283
1771191962.8097878,68614.315,0.239
1771191963.5748308,68614.315,0.368
1771191964.673058,68614.315,0.330
1771191964.7902176,68614.315,0.229
1771191968.8787982,68610.88500000001,0.323
1771191968.9773242,68611.64000000001,0.265
1771191969.082256,68611.64000000001,0.251
1771191969.9308853,68611.64000000001,0.320
1771191971.4818478,68610.88500000001,0.383
1771191971.582232,68610.88500000001,0.290
1771191971.6848245,68609.92,0.310
1771191971.789946,68609.92,0.266
1771191971.8916214,68609.92,0.333
1771191972.0753572,68609.92,0.278
1771191972.6369212,68609.92,0.336
1771191972.7397542,68609.92,0.299
1771191973.192676,68609.92,0.352
1771191973.2950487,68609.92,0.300
1771191974.51568,68610.36,0.345
1771191976.3423407,68609.92,0.302
1771191976.441161,68609.92,0.254
1771191976.7401247,68609.92,0.324
1771191976.8406687,68609.92,0.259
1771191977.6641183,68609.92,0.315
1771191977.7642457,68609.88500000001,0.285
1771191977.866905,68607.455,0.226
1771191978.8593135,68607.455,0.306
1771191978.9634292,68607.455,0.260
1771191979.071485,68607.455,0.232
1771191979.6062002,68607.45,0.046
1771191979.6079943,68599.36,0.030
1771191979.6080174,68595.94,0.017
1771191979.608038,68586.97,0.017
1771191979.608395,68597.215,0.318
1771191979.7102501,68596.035,0.250
1771191979.8113873,68596.035,0.257
1771191980.2863436,68590.4,0.351
1771191982.6653237,68590.4,0.340
1771191982.7655594,68590.4,0.297
1771191990.6890163,68587.14,0.334
1771191990.7899106,68587.67,0.303
1771191990.890367,68587.67,0.228
1771191991.0701473,68587.67,0.255
1771191992.1812553,68587.67,0.337
1771191992.181292,68581.51,0.023
1771191992.2434704,68594.45,0.042
1771191992.2867208,68587.45,0.326
1771191992.514891,68587.98,0.294
1771191992.8589134,68591.95,0.248
1771191995.5916696,68591.95,0.357
1771191995.6929812,68591.95,0.283
1771191996.6083517,68591.95,0.329
1771191996.7090573,68591.95,0.277
1771191997.8667414,68591.95,0.888
1771191997.9665174,68591.95,0.255
1771191998.0662208,68591.95,0.241
1771191998.880935,68591.95,0.277
1771191998.986485,68591.95,0.267
1771192007.1397853,68591.95,0.368
1771192007.2396789,68591.89,0.303
1771192007.6253572,68591.89,0.302
1771192008.1552446,68591.89,0.318
1771192008.255262,68591.89,0.310
1771192008.3564637,68591.89,0.282
1771192008.6678529,68591.89,0.356
1771192008.7733417,68591.89,0.278
1771192010.9832454,68591.95,0.302
1771192011.0851874,68591.95,0.263
1771192011.1887298,68591.95,0.284
1771192011.289571,68591.95,0.280
1771192011.389664,68596.845,0.269
1771192011.4942465,68596.845,0.222
1771192012.5163722,68596.845,0.327
1771192012.6174662,68596.965,0.286
1771192012.9179342,68596.965,0.251
1771192013.4336832,68596.845,0.299
1771192013.5377085,68596.845,0.262
1771192015.4263337,68596.845,0.271
1771192015.5289993,68596.845,0.297
1771192015.6334224,68594.85,0.266
1771192016.5153189,68593.495,0.315
1771192017.5647802,68593.495,0.341
1771192017.667341,68593.495,0.291
1771192019.5889528,68593.495,0.319
1771192019.6970766,68593.495,0.292
1771192020.180326,68593.495,0.325
1771192020.2806246,68593.495,0.331
1771192020.5695436,68593.495,0.319
1771192020.6706798,68593.48999999999,0.315
1771192020.7740393,68593.48999999999,0.312
1771192020.9407163,68593.48999999999,0.268
1771192021.0411801,68593.48999999999,0.261
1771192021.313941,68593.48999999999,0.348
1771192021.4175904,68593.48999999999,0.312
1771192022.514879,68593.785,0.296
1771192022.569037,68590.04,0.040
1771192022.614325,68593.785,0.292
1771192022.6938653,68590.04,0.033
1771192022.7337272,68593.785,0.291
1771192022.816942,68593.48999999999,0.254
1771192022.920643,68599.78,0.275
1771192023.3454905,68606.675,0.309
1771192023.9617257,68606.675,0.305
1771192024.0630093,68606.675,0.330
1771192024.1631246,68606.675,0.304
1771192024.264384,68611.02,0.303
1771192024.365509,68611.02,0.278
1771192024.4695377,68611.02,0.266
1771192025.0485687,68611.02,0.312
1771192025.153405,68611.02,0.313
1771192026.0844343,68611.02,0.300
1771192026.1837125,68611.815,0.336
1771192026.2898335,68611.815,0.277
1771192027.4680705,68611.02,0.291
1771192027.568713,68615.23000000001,0.306
1771192027.6707842,68615.23000000001,0.331
1771192028.514175,68615.23000000001,0.300
1771192031.278193,68620.16,0.318
1771192031.3787167,68620.155,0.318
1771192033.1943824,68620.155,0.314
1771192033.2976985,68617.225,0.305
1771192037.1434832,68615.88,0.319
1771192037.244941,68615.945,0.335
1771192037.347774,68615.945,0.292
1771192037.4520547,68615.945,0.257
1771192037.569544,68615.945,0.270
1771192037.6701238,68615.945,0.256
1771192037.872054,68615.945,0.289
1771192037.9720752,68615.945,0.233
1771192038.4703612,68619.12,0.260
1771192038.5709474,68615.945,0.260
1771192039.4699574,68619.12,0.279
1771192039.5729725,68615.945,0.288
1771192040.5158696,68619.12,0.296
1771192040.6159863,68615.945,0.298
1771192040.7209918,68609.04999999999,0.281
1771192040.826594,68625.215,0.278
1771192040.9277906,68625.215,0.281
1771192041.1625497,68629.705,0.323
1771192041.2638643,68629.7,0.296
1771192041.5163934,68630.325,0.260
1771192042.5475643,68637.62,0.064
1771192042.5479162,68630.325,0.340
1771192043.343669,68630.325,0.345
1771192043.445919,68630.325,0.272
1771192043.5551672,68630.325,0.237
1771192043.6909792,68630.325,0.309
1771192043.8323402,68630.325,0.296
1771192044.0013976,68630.325,0.243
1771192044.1712072,68630.325,0.309
1771192044.3094482,68630.325,0.293
1771192044.4472077,68630.325,0.273
1771192044.5961413,68630.325,0.305
1771192044.7836807,68630.325,0.299
1771192044.9448166,68630.325,0.272
1771192045.1279514,68630.325,0.308
1771192045.4147577,68630.325,0.326
1771192045.5526934,68630.325,0.292
1771192045.7108915,68630.325,0.291
1771192045.866182,68630.325,0.293
1771192046.0093153,68630.325,0.247
1771192046.1100004,68629.7,0.310
1771192046.212311,68626.465,0.272
1771192046.3253906,68626.465,0.273
1771192046.585705,68626.465,0.296
1771192046.686995,68626.465,0.289
1771192046.840309,68626.465,0.279
1771192046.941646,68626.465,0.304
1771192047.042687,68626.465,0.264
1771192047.327073,68626.465,0.313
1771192047.4329927,68626.82999999999,0.276
1771192056.455703,68626.82999999999,0.349
1771192056.5565567,68626.82999999999,0.293
1771192063.8733602,68626.82999999999,0.322
1771192083.1055853,68631.155,0.578
1771192083.20833,68631.535,0.284
1771192084.2939498,68631.535,0.352
1771192084.3940418,68631.4,0.296
1771192089.0817873,68631.4,0.339
1771192089.191697,68631.535,0.342
1771192089.2992902,68631.535,0.295
1771192089.7072632,68631.535,0.304
1771192090.5161734,68632.09,0.273
1771192090.6181576,68632.09,0.241
1771192094.5796196,68632.09,0.349
1771192094.680544,68632.09,0.282
1771192094.858427,68632.09,0.291
1771192095.5129313,68632.09,0.364
1771192099.6951206,68631.535,0.338
1771192099.800305,68634.7,0.305
1771192101.2955136,68640.14499999999,0.339
1771192101.4030573,68640.14,0.291
1771192103.0135643,68640.14,0.365
1771192103.1169019,68640.14,0.302
1771192103.4344542,68640.14,0.318
1771192103.5350206,68640.14,0.254
1771192104.2976546,68640.14,0.366
1771192105.2714615,68640.14,0.321
1771192105.3749394,68640.14,0.289
1771192114.7471566,68640.14,0.334
1771192114.8496275,68640.14,0.290
1771192114.9525669,68640.14,0.277
1771192115.0552187,68640.14,0.259
1771192115.1634333,68640.14,0.281
1771192115.263909,68640.14,0.323
1771192115.3676682,68640.14,0.292
1771192115.4702437,68640.14,0.260
1771192115.5787652,68640.14,0.248
1771192115.6857646,68640.14,0.263
1771192115.7919238,68640.14,0.252
1771192115.8971758,68640.14,0.233
1771192116.018512,68640.14,0.232
1771192116.1295583,68640.14,0.269
1771192116.2312064,68640.14,0.264
1771192116.3326278,68640.14,0.285
1771192116.433085,68640.14,0.235
1771192116.5341012,68640.14,0.249
1771192116.6436744,68640.14,0.304
1771192117.0488372,68640.14,0.341
1771192118.6314065,68640.14,0.332
1771192118.740101,68640.14,0.293
1771192119.683687,68640.14,0.341
1771192120.6117501,68640.14,0.333
1771192120.7155852,68640.14,0.292
1771192124.5326443,68640.14,0.376
1771192124.67875,68640.14,0.321
1771192126.3118775,68640.14,0.332
1771192126.4172835,68640.14,0.268
1771192132.8524644,68640.14,0.339
1771192132.9522047,68639.95,0.275
1771192135.3895686,68639.95,0.368
1771192135.4976661,68639.95,0.307
1771192137.5461175,68636.785,0.354
1771192137.6466563,68636.975,0.264
1771192137.7467937,68633.61,0.333
1771192138.5145917,68631.515,0.368
1771192138.6156037,68631.515,0.304
1771192141.2783334,68631.515,0.336
1771192141.3849401,68631.515,0.290
1771192141.4860754,68633.61,0.278
1771192141.5859354,68633.61,0.281
1771192141.9012592,68636.975,0.312
1771192142.0020168,68636.975,0.261
1771192142.1547081,68636.975,0.298
1771192142.2549012,68636.975,0.303
1771192142.3899481,68636.975,0.293
1771192142.4894488,68636.975,0.267
1771192142.59808,68636.975,0.294
1771192143.5155141,68639.85500000001,0.334
1771192144.6306927,68639.85500000001,0.363
1771192144.7306337,68639.85500000001,0.302
1771192145.5152493,68639.4,0.343
1771192147.0114596,68639.4,0.319
1771192147.1598198,68639.4,0.244
1771192147.297791,68639.4,0.313
1771192147.460675,68639.4,0.297
1771192147.6146276,68639.4,0.284
1771192147.7673798,68639.4,0.286
1771192147.8899376,68636.51999999999,0.277
1771192147.9924865,68636.825,0.237
1771192148.1137536,68636.825,0.321
1771192148.2969909,68636.825,0.312
1771192148.4913874,68636.825,0.297
1771192148.6437278,68636.825,0.299
1771192149.394078,68636.51999999999,0.318
1771192149.4950185,68639.93,0.244
1771192149.6620324,68639.93,0.239
1771192149.7622788,68639.93,0.249
1771192150.9281652,68636.975,0.327
1771192151.0284798,68642.47,0.283
1771192151.218707,68642.47,0.301
1771192151.3186333,68638.04999999999,0.299
1771192151.931453,68659.275,0.339
1771192152.0317714,68649.48000000001,0.315
1771192152.1389065,68642.83499999999,0.347
1771192152.2464013,68642.83499999999,0.240
1771192152.3547366,68642.83499999999,0.259
1771192152.5404043,68642.83499999999,0.273
1771192152.64407,68642.83499999999,0.247
1771192152.7910292,68642.83499999999,0.264
1771192152.9007518,68642.83499999999,0.283
1771192153.3626933,68642.83499999999,0.342
1771192153.4641635,68654.59,0.280
1771192153.5698748,68642.83499999999,0.241
1771192153.669634,68642.83499999999,0.234
1771192153.7709827,68640.98999999999,0.287
1771192153.9726613,68647.11499999999,0.317
1771192154.0728924,68647.11499999999,0.285
1771192154.2862802,68640.98999999999,0.323
1771192154.387555,68640.98999999999,0.313
1771192154.491196,68646.42,0.260
1771192154.8923697,68646.42,0.326
1771192155.0017633,68658.095,0.311
1771192155.2164457,68658.095,0.277
1771192155.5125868,68658.095,0.330
1771192155.623016,68661.055,0.280
1771192155.8650978,68661.055,0.363
1771192155.9651604,68661.055,0.330
1771192156.2716806,68665.08499999999,0.348
1771192156.3774261,68665.08499999999,0.311
1771192156.7616258,68665.08499999999,0.371
1771192156.8699727,68665.08499999999,0.341
1771192157.1788023,68651.075,0.312
1771192157.2817109,68665.82,0.394
1771192157.3902204,68647.01999999999,0.321
1771192157.493632,68642.08499999999,0.383
1771192157.880343,68647.98999999999,0.356
1771192157.9882221,68646.435,0.288
1771192158.1042762,68640.53,0.312
1771192158.20471,68642.08499999999,0.261
1771192159.5148902,68645.51000000001,0.399
1771192159.6233652,68643.98999999999,0.344
1771192160.9434128,68643.98999999999,0.362
1771192166.5642507,68643.98999999999,0.328
1771192166.672616,68643.98999999999,0.273
1771192175.2749987,68643.98999999999,0.291
1771192175.3843348,68643.05,0.233
1771192182.0027134,68639.625,0.358
1771192182.1040666,68640.56,0.350
1771192182.2047822,68640.56,0.273
1771192182.7896817,68652.445,0.327
1771192182.8904972,68652.445,0.268
1771192182.9935405,68652.445,0.278
1771192185.0813396,68652.445,0.326
1771192185.1866019,68652.445,0.292
1771192188.2666647,68652.445,0.290
1771192188.745483,68652.445,0.914
1771192188.8456042,68652.445,0.287
1771192189.7950847,68652.445,0.308
1771192190.3455558,68652.445,0.338
1771192190.446761,68640.56,0.308
1771192190.5510192,68640.56,0.280
1771192191.0021644,68646.875,0.301
1771192191.1114733,68646.595,0.309
1771192191.5539932,68646.875,0.313
1771192191.6588905,68646.875,0.275
1771192197.6728873,68646.875,0.365
1771192197.7811525,68641.795,0.255
1771192197.8813312,68640.56,0.283
1771192197.986396,68640.56,0.321
1771192198.0869758,68639.095,0.322
1771192198.1875467,68633.61,0.297
1771192198.2943273,68625.485,0.299
1771192198.3970914,68625.485,0.285
1771192198.4965632,68625.455,0.279
1771192198.5982776,68625.455,0.273
1771192198.7054274,68625.455,0.287
1771192198.9993582,68625.455,0.308
1771192199.0994759,68625.455,0.298
1771192199.8054368,68625.455,0.291
1771192199.9067023,68625.455,0.282
1771192200.0820372,68625.455,0.301
1771192200.1826718,68625.455,0.330
1771192200.2832465,68625.455,0.241
1771192200.4880059,68625.455,0.284
1771192200.5887876,68625.455,0.279
1771192200.6883907,68634.86,0.272
1771192200.7899067,68634.86,0.237
1771192200.8899546,68639.94,0.242
1771192200.994402,68639.94,0.249
1771192202.5151567,68640.95499999999,0.341
1771192202.6219652,68638.12,0.285
1771192208.0909903,68638.12,0.337
1771192208.1936414,68638.12,0.338
1771192210.0713198,68640.95499999999,0.330
1771192210.177489,68643.785,0.334
1771192211.1769042,68643.86499999999,0.357
1771192211.2771816,68644.53,0.306
1771192211.3770397,68644.53,0.250
1771192212.2782536,68649.3,0.332
1771192212.3799672,68644.53,0.291
1771192212.6786351,68644.53,0.310
1771192213.035573,68644.53,0.321
1771192213.4432912,68644.53,0.328
1771192213.5481417,68654.945,0.272
1771192213.6959598,68654.945,0.282
1771192213.7961442,68654.945,0.285
1771192214.9918673,68654.945,0.317
1771192215.092,68654.945,0.292
1771192215.3387454,68654.945,0.271
1771192219.0814617,68654.945,0.320
1771192219.184438,68654.8,0.292
1771192219.286432,68651.98000000001,0.333
1771192220.1171718,68651.98000000001,0.338
1771192220.223172,68651.98000000001,0.338
1771192223.501118,68651.98000000001,0.309
1771192223.6027899,68651.98000000001,0.321
1771192223.7063785,68656.795,0.265
1771192223.8133638,68656.795,0.263
1771192225.5143209,68656.175,0.311
1771192226.064023,68645.9,0.332
1771192226.1638827,68646.51999999999,0.374
1771192226.2646086,68646.51999999999,0.287
1771192226.3647437,68653.795,0.256
1771192226.465085,68653.795,0.274
1771192226.5710921,68653.795,0.263
1771192226.6731281,68673.43,0.243
1771192226.7740703,68673.43,0.265
1771192226.8765347,68673.43,0.259
1771192226.9776618,68673.43,0.255
1771192227.3320036,68673.43,0.317
1771192227.4383774,68676.2,0.252
1771192227.5537994,68676.2,0.255
1771192228.0552623,68676.2,0.308
1771192230.3069437,68676.2,0.376
1771192230.4132574,68676.2,0.251
1771192231.4068916,68676.2,0.300
1771192231.5073705,68683.4,0.251
1771192232.2612834,68683.4,0.337
1771192232.3629436,68683.4,0.233
1771192232.5142915,68683.4,0.264
1771192232.6352608,68683.4,0.246
1771192232.7752507,68683.4,0.252
1771192232.8753731,68683.4,0.224
1771192234.1316652,68675.105,0.378
1771192234.2337182,68687.35,0.355
1771192234.3358839,68687.35,0.324
1771192234.5054858,68687.35,0.298
1771192234.6068904,68692.63500000001,0.263
1771192235.2889102,68692.63500000001,0.331
1771192235.3886943,68681.845,0.250
1771192235.6849422,68682.34,0.308
1771192236.5144892,68686.975,0.319
1771192236.6163852,68683.86,0.278
1771192237.7161667,68683.86,0.352
1771192239.0379348,68679.225,0.351
1771192239.1397583,68686.485,0.322
1771192241.192191,68679.225,0.341
1771192241.292441,68665.515,0.303
1771192241.779669,68664.805,0.350
1771192241.8890128,68664.805,0.267
1771192242.4826462,68664.805,0.338
1771192242.6944664,68664.805,0.289
1771192242.7950728,68664.805,0.267
1771192243.5141735,68675.59,0.328
1771192245.6747665,68664.805,0.352
1771192245.775218,68662.125,0.273
1771192246.51515,68667.15,0.345
1771192246.6693084,68667.15,0.282
1771192246.7703633,68667.15,0.270
1771192246.962683,68667.15,0.324
1771192247.0681229,68667.15,0.296
1771192247.401132,68667.15,0.276
1771192247.5101955,68667.15,0.270
1771192248.511229,68662.125,0.341
1771192248.6118805,68666.985,0.290
1771192248.713644,68666.985,0.280
1771192250.514606,68666.92,0.337
1771192250.6146924,68666.92,0.316
1771192250.8306334,68666.92,0.337
1771192251.4715796,68680.4,0.301
1771192251.5716634,68680.465,0.291
1771192251.882157,68680.465,0.314
1771192251.982193,68680.465,0.302
1771192253.391791,68683.35500000001,0.366
1771192253.4935865,68683.35500000001,0.284
1771192253.8591406,68683.35500000001,0.317
1771192253.9633822,68683.35500000001,0.274
1771192254.71632,68683.35500000001,0.329
1771192255.7787287,68685.775,0.328
1771192255.8798637,68680.685,0.279
1771192282.3043313,68674.565,0.518
1771192282.406586,68669.475,0.310
1771192282.7864435,68669.475,0.329
1771192282.887417,68668.64,0.303
1771192283.924595,68668.64,0.336
1771192284.1102126,68668.64,0.302
1771192284.4709773,68673.525,0.265
1771192284.5733685,68665.96,0.278
1771192285.5148423,68670.845,0.301
1771192285.8216488,68665.96,0.349
1771192286.5063562,68665.96,0.297
1771192287.5142918,68673.44,0.288
1771192292.4012501,68665.96,0.332
1771192292.5021453,68663.26000000001,0.263
1771192292.60306,68663.26000000001,0.274
1771192293.514693,68665.33,0.320
1771192294.1574502,68663.26000000001,0.326
1771192294.2573478,68667.94,0.295
1771192314.2246797,68667.94,0.377
1771192314.3329377,68667.935,0.303
1771192314.5082695,68667.935,0.271
1771192314.6083584,68667.935,0.270
1771192316.5190942,68667.935,0.331
1771192317.806932,68667.935,0.315
1771192317.9160955,68667.58,0.315
1771192321.6521196,68667.935,0.324
1771192321.7527013,68663.255,0.275
1771192321.853759,68663.255,0.270
1771192321.9550493,68663.255,0.259
1771192322.055086,68663.255,0.256
1771192323.5146332,68673.83499999999,0.346
1771192323.6179807,68673.83499999999,0.300
1771192323.7677314,68673.83499999999,0.306
1771192323.867447,68668.195,0.273
1771192323.9687893,68668.195,0.274
1771192324.866356,68668.195,0.308
1771192324.9713638,68668.195,0.265
1771192326.1642857,68668.195,0.330
1771192326.2650363,68680.535,0.305
1771192328.1200793,68680.535,0.319
1771192328.5274637,68668.195,0.340
1771192328.629635,68683.48,0.326
1771192328.7307148,68683.48,0.281
1771192328.8379772,68683.48,0.273
1771192330.6886299,68689.36499999999,0.329
1771192330.7950215,68689.36,0.275
1771192331.541457,68689.36,0.331
1771192331.6444466,68689.36,0.273
1771192332.6021202,68682.175,0.268
1771192332.7055762,68685.12,0.254
1771192332.8053763,68685.12,0.230
1771192333.143376,68685.12,0.320
1771192333.2447171,68699.555,0.281
1771192333.9158845,68699.555,0.316
1771192334.0173419,68699.555,0.288
1771192334.8064842,68699.555,0.316
1771192334.9089787,68699.555,0.283
1771192336.2791624,68699.56,0.341
1771192336.3790948,68699.56,0.324
1771192336.6471362,68699.56,0.286
1771192338.2701094,68699.56,0.336
1771192338.371944,68699.56,0.292
1771192343.3786068,68699.56,0.369
1771192343.5389054,68699.56,0.294
1771192343.6488776,68699.56,0.298
1771192344.6139643,68699.56,0.283
1771192344.7140467,68699.56,0.241
1771192346.2861435,68685.125,0.340
1771192346.385667,68685.125,0.331
1771192346.4864936,68685.125,0.268
1771192346.619361,68685.125,0.253
1771192346.7261822,68685.125,0.243
1771192347.5156174,68694.225,0.361
1771192347.6174564,68694.06,0.241
1771192349.3626928,68694.06,0.369
1771192349.4703636,68694.06,0.269
1771192349.5786488,68694.06,0.265
1771192355.278608,68694.06,0.332
1771192355.3797295,68688.38,0.276
1771192357.256562,68682.1,0.358
1771192357.361185,68690.88500000001,0.299
1771192361.125042,68690.88500000001,0.332
1771192361.226397,68688.165,0.293
1771192365.454145,68688.215,0.331
1771192365.5550375,68685.48499999999,0.282
1771192365.6577253,68685.48499999999,0.256
1771192366.1281989,68688.215,0.327
1771192366.234399,68678.445,0.291
1771192366.3398564,68678.445,0.309
1771192366.9132218,68693.185,0.321
1771192367.0134687,68693.185,0.274
1771192367.1191945,68693.185,0.300
1771192376.576895,68693.185,0.344
1771192377.6601713,68693.185,0.338
1771192377.943683,68693.185,0.315
1771192378.0475724,68693.185,0.303
1771192382.6766987,68683.995,0.343
1771192382.7819362,68690.565,0.276
1771192382.890054,68690.565,0.266
1771192382.9939373,68679.445,0.270
1771192383.0939262,68679.445,0.251
1771192384.5153735,68689.14499999999,0.333
1771192384.6227875,68688.275,0.274
1771192386.485805,68689.14499999999,0.348
1771192386.5861526,68691.79000000001,0.270
1771192388.3466256,68691.79000000001,0.371
1771192388.6351619,68679.445,0.337
1771192388.7366986,68694.43,0.250
1771192389.5811825,68694.43,0.327
1771192389.6884124,68694.43,0.275
1771192389.7885983,68697.45999999999,0.283
1771192389.890045,68697.455,0.253
1771192389.9903142,68697.455,0.248
1771192391.1654809,68697.455,0.332
1771192391.2685192,68700.01000000001,0.266
1771192391.3720996,68700.01000000001,0.259
1771192401.54812,68690.47,0.326
1771192401.649473,68702.795,0.278
1771192401.7495778,68702.795,0.245
1771192401.8508718,68702.795,0.244
1771192402.0412903,68702.795,0.259
1771192402.1417983,68702.795,0.352
1771192405.564349,68702.795,0.342
1771192405.6649911,68681.775,0.273
1771192405.7694757,68681.78,0.259
1771192405.8700461,68681.775,0.265
1771192406.751884,68681.78,0.285
1771192406.8550112,68681.785,0.259
1771192407.2437677,68681.785,0.345
1771192407.3526464,68681.785,0.300
1771192407.514046,68681.785,0.275
1771192407.6231794,68698.08499999999,0.243
1771192407.7939425,68698.08499999999,0.256
1771192412.2017334,68698.08499999999,0.368
1771192412.302739,68698.08499999999,0.308
1771192412.5275168,68698.08499999999,0.280
1771192412.6309588,68698.08499999999,0.249
1771192417.64768,68698.08499999999,0.372
1771192417.7492754,68681.785,0.281
1771192418.1884048,68681.785,0.337
1771192418.2934234,68702.35,0.233
1771192420.1514118,68702.35,0.320
1771192420.2535615,68702.35,0.335
1771192424.6621895,68702.35,0.332
1771192424.7712338,68702.35,0.285
1771192424.8761833,68702.35,0.264
1771192426.552316,68691.625,0.354
1771192426.6604044,68704.89,0.276
1771192429.8972037,68704.89,0.295
1771192430.049316,68704.89,0.281
1771192430.1495638,68704.89,0.334
1771192430.2506986,68704.89,0.322
1771192430.3530333,68704.89,0.274
1771192431.5153046,68704.89,0.325
1771192434.312107,68704.89,0.343
1771192434.4118881,68704.89,0.263
1771192434.6203523,68704.89,0.269
1771192434.7204175,68704.89,0.241
1771192434.8226216,68704.89,0.256
1771192434.92689,68704.89,0.264
1771192435.0305986,68704.89,0.267
1771192436.5147505,68704.89,0.341
1771192436.6212718,68704.89,0.265
1771192437.8548405,68704.89,0.304
1771192437.9584844,68704.89,0.278
1771192438.0641336,68704.89,0.292
1771192438.5441313,68704.89,0.337
1771192438.6451719,68704.89,0.267
1771192438.746484,68704.89,0.286
1771192438.8500426,68704.89,0.255
1771192438.9561946,68704.89,0.274
1771192439.4612422,68704.89,0.296
1771192439.5666986,68704.89,0.284
1771192439.668504,68704.89,0.258
1771192439.7757363,68704.89,0.276
1771192440.0688665,68704.89,0.319
1771192440.4622984,68704.89,0.328
1771192440.56268,68704.89,0.303
1771192440.7514977,68704.89,0.302
1771192440.8529427,68704.89,0.269
1771192440.9532313,68704.89,0.272
1771192441.0532467,68704.89,0.280
1771192442.5157125,68704.89,0.366
1771192443.9449832,68704.89,0.306
1771192444.0474944,68704.89,0.298
1771192445.117483,68704.89,0.332
1771192445.2179422,68704.89,0.320
1771192445.3228035,68704.89,0.321
1771192445.7148333,68704.89,0.346
1771192445.816555,68704.89,0.297
1771192446.5149894,68704.89,0.336
1771192447.4837067,68704.89,0.350
1771192447.5891807,68704.89,0.286
1771192448.1090827,68704.89,0.336
1771192450.7388082,68704.89,0.359
1771192450.8389547,68704.89,0.285
1771192452.01367,68704.89,0.345
1771192452.115121,68704.89,0.327
1771192455.3429303,68704.89,0.341
1771192455.4427118,68704.89,0.305
1771192458.5976567,68704.89,0.354
1771192458.7025754,68704.89,0.287
1771192460.918002,68704.89,0.313
1771192461.018418,68704.89,0.273
1771192461.9703083,68704.89,0.313
1771192463.2319267,68704.89,0.345
1771192463.3399644,68704.89,0.264
1771192463.5838552,68704.89,0.303
1771192463.6869457,68704.89,0.289
1771192466.119001,68704.89,0.344
1771192466.2253442,68704.89,0.295
1771192466.3317304,68704.89,0.331
1771192467.4472728,68704.89,0.314
1771192467.5546896,68704.89,0.276
1771192470.7833636,68704.89,0.335
1771192470.8840106,68704.89,0.280
1771192471.548224,68704.89,0.357
1771192471.6488116,68704.89,0.320
1771192471.753123,68704.89,0.267
